1508 2671
292 148 393 202 108
796 147 972 202 Jufius

787 301 967 333 GENIUS.

338 374 515 420 Dicam
541 374 683 433 hujus
707 373 823 420 vice.
851 374 971 419 Itali
993 389 1100 419 cum
1124 374 1220 421 sint
1251 389 1318 420 ex
1341 376 1471 420 omni

279 440 737 486 barbarissimarum
766 439 1012 485 nationum
1044 440 1247 486 colluvie
1274 441 1471 502 conflati

277 507 571 568 confusique,
591 503 680 552 non
699 506 844 551 aliter
864 521 1008 567 quam
1029 507 1214 552 sentina
1232 507 1464 567 quaedam,

279 581 436 618 tamen
473 588 498 618 e
532 573 801 618 Gentilium
831 572 989 618 literis
1025 574 1147 618 hanc
1184 572 1472 619 imbiberunt

279 639 534 697 insaniam,
559 647 611 684 ut
637 647 785 683 extra
819 639 1019 684 Italiam
1052 648 1189 685 natos
1221 640 1471 686 Barbaros

276 705 519 767 appellent
551 722 564 749 .·
611 705 738 766 quod
771 705 962 766 quidem
1003 706 1303 767 cognominis
1343 706 1472 768 apud

278 772 387 817 illos
412 771 800 829 contumeliosius
826 781 912 831 est⁷
940 786 1082 834 quam
1104 772 1148 817 si
1165 772 1470 835 parricidam

277 839 408 885 dicas
433 847 517 883 aut
538 838 855 901 sacrilegum.

782 964 980 996 PETRUS.

337 1032 416 1076 Ita
438 1031 643 1077 videtur.
668 1031 819 1092 Atqui
840 1045 1057 1092 cumpro
1077 1031 1293 1078 omnibus
1317 1032 1471 1077 homi-

280 1098 416 1144 nibus
442 1106 662 1143 mortuus
686 1098 750 1143 sit
777 1098 1017 1154 Christus,
1059 1113 1142 1143 nec
1176 1099 1304 1160 apud
1335 1099 1471 1143 illum

277 1165 342 1211 sit
402 1164 548 1210 ullius
592 1178 817 1225 personae
868 1172 1127 1225 respectus,
1184 1179 1385 1226 cumque
1429 1173 1474 1209 te

283 1230 472 1276 Christi
495 1230 733 1277 Vicarium
754 1230 1073 1292 profitereris,
1095 1243 1182 1276 cur
1203 1246 1292 1276 non
1310 1246 1472 1277 omnes

279 1297 446 1343 eodem
468 1296 865 1357 complectebaris
886 1297 1063 1355 animo,
1093 1311 1208 1358 quos
1230 1312 1318 1343 non
1346 1297 1472 1343 dese-

280 1364 379 1409 ruit
405 1364 504 1426 ipse
531 1362 799 1410 Christus?

791 1482 963 1514 JULIUS.

342 1548 585 1610 Equidem
612 1556 657 1593 et
680 1547 841 1605 Indos,
864 1557 912 1598 et
935 1549 1103 1610 Afros,
1127 1557 1173 1594 et
1194 1549 1467 1612 AEtlziopes‚

285 1625 334 1663 et
358 1618 555 1661 Graecos
576 1614 828 1676 complecti
851 1616 1054 1676 cupiam,
1083 1615 1128 1661 si
1148 1615 1288 1660 modo
1309 1631 1473 1661 nume-

286 1691 393 1729 rent
436 1690 482 1727 et
521 1677 796 1743 principem
835 1689 1101 1744 agnoscant
1139 1682 1472 1745 vectigalibus,

291 1752 470 1796 Verum
533 1748 617 1794 hos
677 1762 839 1793 omnes
890 1747 1149 1794 recidimus
1205 1744 1368 1811 digne,
1424 1757 1475 1793 ut

280 1815 513 1878 proxime
561 1815 772 1870 Graecos,
825 1815 950 1875 quoa'
1006 1815 1219 1860 homines
1272 1815 1474 1860 nimium

288 1891 474 1927 tenaces
494 1895 672 1942 parum
697 1889 1013 1942 agnoscerent
1039 1881 1248 1927 Romani
1269 1881 1475 1943 Pontifi-

284 1949 353 1995 cis
379 1949 701 2009 majestatem.

782 2134 982 2166 PETRUS.

348 2202 490 2262 Ergo
533 2200 756 2245 Romana
793 2199 930 2246 sedes
972 2199 1114 2245 totius
1161 2199 1290 2246 orbis
1330 2200 1477 2247 veluti

289 2267 515 2313 horreum
541 2266 653 2310 est?
