1508 2671
255 142 328 210 54
753 137 929 194 Julius

250 270 370 301 cum.
408 256 658 302 Proeterea
688 256 757 301 sic
789 255 1089 317 expediebat,
1130 256 1193 300 ad
1229 255 1278 299 id
1313 256 1435 315 quod

255 331 354 367 tum
377 323 602 384 temporis
618 322 868 384 agitabam
891 322 1068 367 animo.
1087 322 1259 383 Itaque
1278 322 1436 368 Gallis

253 403 450 449 operam
490 389 782 445 navantibus,
828 397 874 432 et
913 388 1151 433 nonnullis
1191 403 1294 433 meo
1325 387 1435 448 ful-

254 455 381 499 mine
418 455 615 510 territis,
648 454 919 516 profligato
950 453 1213 510 Bentivolo‚
1248 452 1436 499 'Cardi-

253 520 384 565 nales
424 529 470 565 et
507 520 773 581 Episcopos
813 520 923 565 urbi
953 520 1173 581 praefeci,
1214 528 1266 564 ut
1304 520 1436 564 nulla

245 601 365 649 pars
391 587 815 632 emolumentorum
849 601 938 632 non
978 587 1160 631 rediret
1195 586 1259 630 ad
1298 601 1435 632 usum

251 653 488 699 Ecclesiae
517 654 763 698 Romanae.
794 652 874 697 Ad
912 653 1024 709 hcec,
1063 653 1231 698 titulus
1262 661 1308 697 et
1341 654 1434 698 im—

246 719 377 782 perii
405 719 623 780 dignitas
664 727 774 764 ante
810 733 955 781 penes
987 719 1124 763 illum
1168 733 1268 764 esse
1305 719 1436 765 vide-

255 786 411 831 batur.
441 787 587 830 Nunc
625 785 833 847 undique
866 794 1042 830 nostrae
1072 786 1289 830 visuntur
1332 794 1435 831 sta-

255 860 360 909 tuae,
384 852 536 898 nostri
563 852 791 914 leguntur
817 852 961 908 tituli,
986 861 1149 897 nostra
1174 852 1439 897 adorantur

254 918 494 980 trophoea5
509 919 620 979 jam
655 919 841 979 passim
873 919 1036 964 Julius
1073 933 1232 964 aeneus
1267 927 1363 964 stat
1396 928 1441 964 et

252 998 448 1030 saxeus.
476 985 694 1045 Denique
717 985 762 1030 si
795 993 1070 1046 spectasses,
1100 999 1243 1046 quam
1280 986 1441 1048 regali

255 1051 497 1111 triumpho
522 1051 792 1097 Bononiam
817 1052 910 1096 sim
939 1053 1199 1113 ingressus,
1221 1053 1440 1112 fortasse

252 1126 575 1163 contemneres
607 1132 769 1163 omnes
805 1119 1113 1165 Octaviorum
1150 1133 1207 1163 ac
1247 1119 1438 1179 Scipio-

254 1198 365 1228 num
385 1184 666 1245 triumphos‚
687 1192 734 1229 et
752 1184 1053 1246 intelligeres
1071 1199 1147 1229 me
1164 1199 1251 1229 non
1269 1184 1442 1246 absque

253 1263 400 1296 causa
433 1258 532 1295 tam
564 1259 755 1296 strenue
783 1266 878 1312 pro
913 1251 1134 1296 Bononia
1168 1250 1436 1307 dimicasse,

252 1329 454 1377 vereque
495 1325 760 1377 spectasses
786 1316 950 1362 eodem
986 1326 1198 1378 tempore
1229 1326 1276 1362 et
1306 1318 1440 1363 mili-

255 1390 433 1428 tantem
458 1391 506 1429 et
527 1383 900 1445 triumphantem
924 1384 1217 1444 Ecclesiams

749 1732 946 1764 PETRUS.

310 1816 453 1877 Ergo
484 1823 530 1860 te
566 1822 811 1877 regnante,
839 1822 1069 1875 quantum
1096 1815 1254 1871 audio,
1285 1817 1433 1861 conti-

249 1882 328 1943 git
366 1882 499 1938 illud,
522 1882 649 1942 quod
669 1896 813 1927 orare
844 1896 926 1926 nos
940 1882 1160 1941 jusserat
1190 1882 1428 1940 Christus,

250 1948 491 1994 Adveniet
527 1963 733 2008 regnum
773 1958 931 1996 tuum.
962 1950 1076 1998 Jam
1116 1963 1226 1996 vero
1269 1950 1434 1995 Veneti

249 2014 362 2076 quid
385 2015 722 2063 admiserant?

743 2151 915 2210 JULIUS.

310 2258 534 2304 Primum
561 2259 928 2318 Graecissabant7
955 2275 1011 2308 ac
1042 2276 1119 2307 me
1144 2276 1295 2323 prope
1328 2277 1430 2309 ino-2
