1508 2671
319 179 423 232 124
819 156 992 212 Jufius

308 279 540 341 gentium,
565 276 812 339 pra-cipue
836 272 1111 336 principum
1146 272 1356 335 ingenia,
1389 286 1494 318 mo-

310 359 400 403 res,
430 345 647 408 affectus,
675 355 786 403 opes
810 349 857 387 et
879 349 1074 386 conatus
1091 353 1391 402 pernoscere,
1420 339 1497 384 cui

308 426 415 456 cum
447 425 537 470 quo
570 408 832 466 conveniat
867 407 945 452 cui
978 421 1085 452 cum
1117 420 1207 467 quo
1243 405 1495 451 dissidium

306 478 394 535 sit,·
424 476 594 522 deinde
619 475 692 520 his
717 474 933 520 omnibus
958 473 1022 518 ad
1046 481 1262 519 nostram
1287 467 1508 517 commo-5

307 544 507 589 ditatem
533 542 618 587 uti.
641 541 892 602 Principio
917 539 1086 585 Gallos
1101 539 1261 600 facile
1285 514 1508 586 concita-¹

307 611 462 657 vimus
499 610 546 654 in
587 610 808 664 Venetos,
848 606 973 668 quod
1007 606 1133 651 inter
1172 605 1255 651 hos
1296 605 1508 650 interce-i

308 677 443 722 deret
472 683 604 722 vetus
639 683 782 735 atque
815 673 1012 733 antiqua
1047 672 1296 728 simultas;
1331 664 1508 745 deinde}

307 742 577 802 sciebamus
597 754 703 786 eam
727 747 924 802 gentem
948 737 1140 784 avidam
1167 737 1363 799 imperii
1378 751 1443 799 pr
1447 730 1508 784 ο-,ἷ

308 808 530 870 rogandi,
560 816 606 852 et
630 806 798 853 Veneti
823 805 1020 851 illorum
1045 818 1226 866 quoque
1250 803 1508 866 nonnullas

307 875 448 921 urbes
479 881 817 935 occuparant:
855 872 1012 932 itaque
1052 885 1210 916 meum
1247 870 1508 932 negocium}

307 956 415 987 cum
447 941 641 986 illorum
673 939 872 1001 negocio
898 937 1082 983 miscui.
1121 938 1247 983 Tum
1272 937 1508 996 Impera-}

309 1017 397 1065 tor,
427 1020 696 1069 quanquam
724 1019 815 1051 non
841 1004 1100 1050 admodum
1123 1003 1307 1049 amicus
1335 1002 1508 1077 Gallo‚l

309 1084 465 1120 tamen
488 1074 600 1135 quia
624 1087 713 1118 non
736 1079 840 1117 erat
861 1071 961 1116 alia
981 1084 1089 1132 spes
1109 1083 1139 1115 a
1166 1069 1349 1115 Venetis
1374 1070 1497 1114 reci-

300 1141 468 1203 piendi
498 1153 604 1201 quae
641 1138 860 1184 tenebant
893 1136 1132 1195 (tenebant
1162 1143 1323 1181 autem
1359 1136 1508 1181 urbes}

306 1208 488 1267 aliquot
520 1205 770 1268 egregias)
798 1218 890 1265 pro
926 1212 1138 1264 tempore
1164 1216 1216 1248 se
1248 1202 1354 1247 huic
1378 1202 1508 1252 hello,

305 1273 550 1334 adjunxit
586 1270 775 1317 Deinde
813 1284 921 1315 cum
958 1284 1047 1314 non
1076 1269 1296 1331 placeret
1330 1269 1508 1314 Gallos

306 1353 455 1401 supra
479 1338 672 1384 modum
693 1351 906 1383 crescere
930 1336 1027 1395 (res
1051 1335 1178 1381 enim
1205 1344 1498 1381 successerat

297 1407 499 1469 felicius
524 1419 667 1466 quam
699 1402 950 1463 volebam),
980 1417 1199 1463 przmum
1228 1401 1508 1463 Hispania-I

307 1488 417 1518 rum
469 1486 639 1534 regem
687 1471 733 1515 in
782 1484 860 1516 eos
909 1468 1218 1526 extimulavi,
1282 1468 1496 1529 primum

308 1539 547 1584 hominem
566 1538 693 1600 fidei
718 1551 807 1583 non
844 1535 1181 1593 adamantinae,
1216 1534 1382 1580 deinde
1416 1549 1497 1580 cu-

297 1609 385 1667 jus
430 1618 725 1667 magnopere
769 1602 1014 1664 referebat
1069 1609 1303 1662 utcunque
1336 1601 1508 1662 premi3

311 1672 565 1718 Gallorum
600 1669 896 1732 potentiam,
936 1683 1043 1714 cum
1084 1667 1142 1713 ob
1179 1667 1279 1713 alia
1325 1667 1508 1724 multa,³

310 1748 409 1784 tum
453 1738 702 1799 praecipue
738 1750 796 1781 ne
829 1735 1017 1797 quando
1050 1733 1230 1779 ditione
1259 1734 1508 1797 Neapoli-3

309 1806 407 1850 tina
433 1804 792 1850 excluderetur.
823 1802 903 1847 Ad
935 1801 1035 1846 haec
1064 1801 1277 1857 Venetos,
1309 1800 1508 1847 tametsi?

307 1886 395 1916 non
426 1870 703 1932 probarem,
731 1869 851 1931 ficte
891 1876 1050 1913 tamen
1085 1867 1132 1911 in
1164 1866 1382 1928 gratiam
1415 1867 1508 1930 νεῖ-ᾗ

306 1937 432 1998 cepi,
476 1945 528 1980 ut
567 1936 651 1981 hos
687 1948 868 1996 quoque
904 1933 1108 1979 recentis
1143 1932 1295 1978 cladis
1335 1932 1508 1987 dolore]

307 1973 621 2048 exacerbatos
647 2001 692 2046 in
725 2001 895 2047 Gallos
920 1999 1247 2044 immitterem.
1281 1997 1508 2049 Rursumi

305 2070 581 2130 Imperatoi
585 2082 673 2125 em
710 2081 849 2128 quem
870 2066 1020 2126 paulo
1045 2074 1156 2110 ante
1191 2079 1298 2110 cum
1338 2050 1508 2113 Gallis}

306 2136 672 2195 conjunxerant,
710 2133 770 2178 ab
808 2132 908 2179 illis
948 2132 1147 2177 detraxi
1160 2150 1176 2188 ‚·
1214 2131 1354 2191 idque
1377 2121 1508 2191 par-l

309 2202 395 2246 tim
424 2200 656 2261 pecuniis,
695 2214 802 2260 quae
833 2198 961 2261 apud
995 2198 1235 2243 hominem
1277 2206 1495 2259 egentem

306 2281 496 2328 semper
527 2266 686 2312 valent
711 2265 994 2326 plurimum,
1026 2264 1212 2324 partim
1251 2263 1419 2318 literis,
1451 2271 1496 2308 et
