1508 2671
258 150 331 205 66
762 148 943 204 Julius

433 218 452 236 t

767 302 943 333 JULIUS.

323 384 411 431 Vel
434 382 751 446 apertissime.
785 382 950 438 Quare
974 397 1063 428 non
1085 384 1365 445 serendum,
1396 394 1448 431 ut

260 451 301 497 is
344 450 427 511 qui
472 449 572 496 Dei
613 449 764 495 vicem
811 449 921 510 agit
961 449 1006 493 in
1048 450 1211 507 terris,
1258 451 1446 496 omnino

258 519 421 564 Deum
460 515 697 578 quendam
742 515 867 560 inter
909 515 1121 561 homines
1156 525 1372 577 praestat,
1418 531 1449 563 a

259 583 484 645 quopiam
504 581 814 628 homuncione
828 582 1219 644 reprehendatur,
1242 592 1325 629 aut
1340 598 1448 629 con-

259 650 389 696 vitiis
408 649 629 696 violetur.

763 847 957 879 PETRUS.

318 928 468 988 Atqui
492 928 727 974 reclamat
750 943 916 974 sensus
945 929 1222 985 communis,
1257 937 1310 973 ut
1335 929 1448 974 bene

259 994 522 1040 sentiamus
562 995 619 1039 de
658 1009 725 1051 eo,
771 1009 908 1056 quem
943 995 1113 1055 palam
1157 995 1447 1040 scelerosum

259 1061 512 1117 cernimus,
542 1069 627 1105 aut
652 1061 765 1107 hene
791 1061 1045 1123 loquamur
1072 1062 1130 1106 de
1162 1076 1229 1119 eo,
1268 1062 1325 1106 de
1357 1076 1446 1121 quo

260 1127 387 1172 male
410 1127 656 1175 sentimus.

764 1237 938 1269 JULIUS.

322 1318 520 1381 Cogitet
562 1318 758 1379 quisque
797 1318 921 1380 quod
963 1318 1100 1375 volet,
1154 1318 1294 1364 modo
1335 1318 1447 1364 bene

260 1385 496 1446 loquatur,
526 1393 610 1429 aut
641 1393 770 1430 certe
800 1385 952 1430 sileat.
979 1386 1136 1430 Porro
1163 1385 1448 1447 reprehendi

259 1466 348 1497 non
377 1459 540 1512 potest
570 1453 818 1497 Romanus
852 1452 1107 1514 Pontifex,
1139 1467 1222 1498 nec
1252 1467 1283 1498 a
1318 1453 1445 1500 Con·

259 1517 369 1563 cilio
392 1517 616 1579 generali

762 1650 956 1682 PETRUS.

324 1732 483 1777 Unum
510 1731 596 1776 hoo
618 1731 730 1789 scio,
757 1731 838 1793 qui
861 1731 1050 1778 Christi
1072 1732 1220 1778 vicem
1244 1733 1448 1779 sustinet

261 1798 306 1842 in
342 1797 500 1854 terris,
539 1798 722 1855 debere,
760 1812 903 1858 quam
931 1807 1105 1860 potest,
1143 1799 1215 1843 illi
1249 1799 1446 1845 similli—

259 1879 388 1909 mum
407 1878 519 1920 esse,
543 1873 685 1923 atque
707 1864 774 1909 ita
798 1865 947 1909 vitam
973 1880 1159 1910 omnem
1181 1880 1439 1928 peragere,

258 1945 315 1974 ne
338 1930 452 1989 quid
484 1930 530 1974 in
564 1945 616 1975 eo
640 1930 799 1991 possit
833 1931 1129 1991 reprehendi,
1172 1947 1284 1977 neve
1315 1932 1444 1992 quis-

257 2010 399 2055 quam
425 1996 596 2041 merito
621 1997 679 2041 de
711 1996 793 2041 illo
820 1997 946 2041 male
970 1996 1101 2057 loqui
1124 2007 1278 2058 queat.
1308 1998 1446 2043 Male

256 2076 369 2107 vero
394 2077 498 2106 cum
520 2062 825 2123 pontificibus
850 2062 1032 2124 agitur,
1054 2063 1098 2108 si
1114 2072 1164 2108 ut
1186 2064 1298 2108 bene
1318 2064 1376 2108 de
1395 2078 1446 2109 se

259 2128 511 2189 loquantur
536 2129 749 2175 homines
775 2129 919 2175 minis
950 2138 1239 2190 extorquent
1261 2131 1438 2191 potius,

257 2209 400 2255 quam
431 2195 691 2255 benefactis
727 2196 998 2256 impetrant,
1029 2211 1145 2257 quos
1184 2196 1279 2243 nisi
1317 2211 1445 2241 men-

259 2260 415 2306 tiendo
452 2260 652 2307 laudare
688 2276 776 2307 non
805 2262 975 2323 possis,
1017 2277 1217 2323 quorum
1253 2276 1443 2310 summa
