1508 2671
288 160 358 198 20
785 140 960 196 Julius

782 273 973 304 PETRUS.

345 347 485 404 Quod
520 346 702 392 malum
728 347 939 408 fulmen,
976 345 1101 407 quod
1127 344 1323 402 tonitru,
1354 360 1470 406 quas

286 413 453 470 bullas,
479 428 595 473 quas
619 413 857 474 ampullas
883 413 1002 457 niilzi
1025 426 1212 468 narras,
1239 412 1469 457 obsecro?
1494 425 1496 427 ’

285 494 395 524 nam
448 479 647 525 istorum
699 479 820 524 nilzil
873 493 1080 540 unquam
1123 478 1393 524 audivimus
1439 492 1469 522 a

288 546 497 593 Christo.

791 618 963 649 JULIUS.

343 693 410 739 At
429 692 613 751 senties,
640 691 735 739 nisi
746 705 912 755 pares,

783 816 974 848 PETRUs‚

343 892 540 952 Siquos
569 891 682 936 olim
717 891 823 937 istis
850 890 1014 951 fumis
1055 890 1307 947 territasti‚
1352 888 1471 935 nihil

284 959 347 1004 ad
368 959 488 1003 hunc
514 958 691 1003 locum.-
711 958 788 1003 hic
803 957 928 1003 veris
952 971 1075 1019 agas
1097 965 1296 1018 oportet.
1312 958 1469 1001 Bene-

274 1025 443 1086 factis‚
469 1039 556 1070 non
582 1024 852 1070 maledictis
873 1024 972 1069 hcec
998 1038 1098 1068 arx
1134 1031 1462 1085 expugnatur.

285 1092 382 1138 Sed
406 1106 563 1152 quaeso
590 1099 649 1148 te,
679 1099 726 1135 tu
745 1091 863 1135 nzilzi
877 1090 1071 1150 fulmen
1092 1089 1469 1136 excommunica-

287 1158 428 1204 tionis
449 1157 736 1203 minitaris?
762 1156 836 1202 dic
860 1157 1076 1218 quojure
1092 1157 1120 1201 P

790 1347 963 1380 JULIUS.
1023 1365 1027 1370 -

346 1423 553 1485 Optimo,
581 1422 766 1483 quando
782 1423 892 1482 Jani
907 1421 1128 1482 privatus
1146 1435 1207 1478 es,
1239 1434 1321 1466 nec
1337 1420 1472 1466 aliud

284 1504 427 1551 quam
453 1489 649 1551 quilibet
669 1488 883 1549 plebeius
906 1488 1128 1533 sacerdos
1139 1507 1155 1545 ‚·
1180 1487 1274 1532 imo
1301 1502 1358 1532 ne
1387 1501 1467 1533 sa-

284 1557 451 1603 cerdos
474 1555 681 1617 quidem,
703 1563 754 1600 zct
773 1554 1079 1600 consecrandi
1100 1554 1344 1615 impotens.

783 1746 979 1777 PETRUS.

342 1823 534 1883 Nempe
554 1820 741 1882 quidem
765 1828 980 1866 mortuus
1005 1819 1188 1882 opinor.

790 1945 962 1977 JULIUS.

348 2013 593 2061 Videlicet.

778 2115 974 2149 PETRUS.

342 2192 410 2237 At
424 2191 515 2237 ista
532 2190 722 2252 quidem
745 2190 944 2249 ratione,
960 2189 1246 2254 nihilo-mihi
1251 2196 1463 2252 praestas

281 2259 392 2320 plus
416 2273 558 2320 quam
587 2265 818 2304 mortuus.
