1508 2671
285 203 358 258 88
790 202 970 258 Julius

286 320 345 365 tis
370 320 607 376 adactum,
638 328 691 364 ut
716 319 920 366 secundo
949 319 1008 364 ab
1037 319 1154 364 inito
1181 319 1471 382 Pontificatu

283 401 406 431 anno
437 386 709 432 Concilium
745 385 1019 443 indicerem,
1050 394 1096 431 et
1130 385 1198 430 ita
1228 385 1467 443 adactum,

284 461 334 498 ut
369 467 452 497 nec
479 468 509 498 a
538 452 878 497 Cardinalium
911 466 1130 498 consessu
1156 466 1346 512 possem
1383 453 1470 496 ab-

282 519 428 576 solvi‚·
456 519 626 563 deinde
649 533 776 578 soepe
807 533 837 563 a
850 518 1100 579 fratribus
1128 518 1472 564 Cardinalz'bus

282 585 404 631 meis
427 584 727 630 admonitum
761 593 807 629 et
835 593 1077 647 rogatum,
1114 584 1471 646 interpellatum

282 667 311 696 a
346 652 671 714 Principibus,
710 648 898 711 quidvis
926 651 1090 713 potius
1122 665 1264 712 quam
1298 651 1383 696 hoc
1424 651 1471 696 in

281 733 449 763 aurem
489 717 764 780 admisisse,
806 718 874 762 ita
917 725 970 762 ut
998 717 1168 779 palam
1214 726 1473 779 appareret

280 784 414 830 Julio
470 784 574 830 vivo
622 798 859 844 nunquam
894 785 1127 844 futurum
1180 784 1465 830 Concilium.

285 850 513 896 Citabant
536 850 1092 911 exemplaffsuperiorum
1123 849 1465 907 Conciliorum‚

279 917 492 962 citabant
539 916 672 979 leges
725 916 910 978 aliquot
947 916 1246 978 pontificias,
1302 917 1470 978 quibus

280 983 587 1028 ostendebant
624 997 701 1027 me
732 997 840 1027 cum
881 983 1001 1028 meis
1034 982 1304 1028 detrectare
1337 983 1468 1028 Con-

279 1050 457 1105 cilium,
484 1049 548 1094 ad
565 1063 617 1094 se
626 1050 714 1110 jus
738 1049 976 1094 indicendi
995 1049 1285 1095 devolutum.
1313 1049 1472 1096 Caete-

281 1116 352 1161 ris
376 1116 487 1161 item
506 1115 810 1177 principibus
841 1115 1196 1161 conniventibus
1228 1116 1469 1161 indicendi

280 1197 450 1246 munus
475 1181 539 1226 ad
556 1183 908 1243 Imperatorem
932 1183 1220 1238 Romanum,
1250 1182 1332 1243 qui
1352 1182 1467 1227 olim

278 1248 408 1294 solus
435 1247 685 1302 indicebat,
710 1256 759 1293 et
781 1247 845 1293 ad
874 1248 1129 1294 Gallorum
1153 1250 1362 1309 Regem,
1386 1249 1469 1310 qui

274 1315 550 1375 praecipuus
575 1322 710 1371 esset,
733 1314 996 1376 pertinere.

770 1688 966 1722 PETRUS.

334 1771 480 1815 Nunc
516 1769 707 1815 interim
751 1770 797 1814 in
836 1778 881 1814 te
920 1770 1131 1831 nefanda
1170 1770 1300 1816 dictu
1336 1771 1460 1816 scri-

278 1837 488 1882 bebant?

772 1970 943 2001 JULIUS.

332 2051 439 2096 Imo
450 2050 694 2111 furciferi
715 2050 790 2095 hic
807 2050 920 2112 plus
944 2050 1194 2112 sapiebant
1216 2063 1359 2112 quam
1379 2064 1460 2095 νο-

277 2116 448 2164 lebam.
489 2118 613 2161 Rem
655 2116 1008 2162 odiosissimam
1055 2117 1184 2161 mira
1228 2115 1460 2161 modestia

276 2183 565 2233 tractabant,
615 2191 661 2227 et
714 2197 802 2227 non
856 2182 1011 2227 solum
1061 2182 1388 2244 temperabant
1429 2197 1460 2226 a

274 2249 556 2305 maledicti3‚
582 2249 667 2295 sed
688 2263 767 2298 me
795 2263 1034 2310 nunquam
1064 2249 1158 2294 nisi
1182 2263 1287 2294 cum
1313 2249 1458 2293 hono-

274 2316 344 2361 ris
361 2316 657 2376 praefatione
681 2316 1003 2373 nominabant,
1034 2323 1264 2378 rogantes
1300 2323 1346 2360 et
1376 2314 1457 2360 ob-
