<?xml version="1.0" encoding="UTF-8"?>
<!DOCTYPE html PUBLIC "-//W3C//DTD XHTML 1.0 Transitional//EN"
    "http://www.w3.org/TR/xhtml1/DTD/xhtml1-transitional.dtd">
<html xmlns="http://www.w3.org/1999/xhtml" xml:lang="en" lang="en">
 <head>
  <title>
</title>
<meta http-equiv="Content-Type" content="text/html;charset=utf-8" />
  <meta name='ocr-system' content='tesseract 3.04.00' />
  <meta name='ocr-capabilities' content='ocr_page ocr_carea ocr_par ocr_line ocrx_word'/>
</head>
<body>
  <div class='ocr_page' id='page_1' title='image "./juliusdialogueen00eras_0104.png"; bbox 0 0 1508 2671; ppageno 0'>
   <div class='ocr_carea' id='block_1_1' title="bbox 216 123 900 197">
    <p class='ocr_par' dir='ltr' id='par_1_1' title="bbox 216 123 900 197">
     <span class='ocr_line' id='line_1_1' title="bbox 216 123 900 197; baseline -0.006 -16"><span class='ocrx_word' id='word_1_1' title='bbox 216 127 292 197; x_wconf 81' lang='lat'><strong><em>84</em></strong></span> <span class='ocrx_word' id='word_1_2' title='bbox 722 123 900 179; x_wconf 82' lang='lat' dir='ltr'>Julius</span> 
     </span>
    </p>
   </div>
   <div class='ocr_carea' id='block_1_2' title="bbox 210 236 1417 1941">
    <p class='ocr_par' dir='ltr' id='par_1_2' title="bbox 210 236 1417 1941">
     <span class='ocr_line' id='line_1_2' title="bbox 215 236 1404 303; baseline -0.007 -16"><span class='ocrx_word' id='word_1_3' title='bbox 215 255 357 303; x_wconf 88' lang='lat' dir='ltr'><strong><em>quam</em></strong></span> <span class='ocrx_word' id='word_1_4' title='bbox 392 239 680 303; x_wconf 82' lang='lat' dir='ltr'><strong><em>expediebat</em></strong></span> <span class='ocrx_word' id='word_1_5' title='bbox 714 239 856 284; x_wconf 86' lang='lat' dir='ltr'><strong><em>rebus</em></strong></span> <span class='ocrx_word' id='word_1_6' title='bbox 894 237 1016 284; x_wconf 87' lang='lat' dir='ltr'><strong><em>meis</em></strong></span> <span class='ocrx_word' id='word_1_7' title='bbox 1055 244 1238 282; x_wconf 81' lang='lat' dir='ltr'><em>tantam</em></span> <span class='ocrx_word' id='word_1_8' title='bbox 1276 236 1404 297; x_wconf 88' lang='lat' dir='ltr'><strong><em>Epi-</em></strong></span> 
     </span>
     <span class='ocr_line' id='line_1_3' title="bbox 213 302 1401 369; baseline -0.006 -15"><span class='ocrx_word' id='word_1_9' title='bbox 213 322 465 369; x_wconf 87' lang='lat' dir='ltr'><strong><em>scoporum</em></strong></span> <span class='ocrx_word' id='word_1_10' title='bbox 484 306 788 352; x_wconf 85' lang='lat' dir='ltr'><strong><em>etAbbatum</em></strong></span> <span class='ocrx_word' id='word_1_11' title='bbox 815 304 1006 349; x_wconf 83' lang='lat' dir='ltr'><strong><em>turbam</em></strong></span> <span class='ocrx_word' id='word_1_12' title='bbox 1031 303 1121 349; x_wconf 88' lang='lat' dir='ltr'><strong><em>huc</em></strong></span> <span class='ocrx_word' id='word_1_13' title='bbox 1144 302 1401 364; x_wconf 89' lang='lat' dir='ltr'><strong><em>confluere,</em></strong></span> 
     </span>
     <span class='ocr_line' id='line_1_4' title="bbox 216 368 1407 435; baseline -0.006 -16"><span class='ocrx_word' id='word_1_14' title='bbox 216 374 342 419; x_wconf 89' lang='lat' dir='ltr'><strong><em>inter</em></strong></span> <span class='ocrx_word' id='word_1_15' title='bbox 361 388 476 434; x_wconf 89' lang='lat' dir='ltr'><strong><em>quos</em></strong></span> <span class='ocrx_word' id='word_1_16' title='bbox 487 373 609 435; x_wconf 88' lang='lat' dir='ltr'><strong><em>fieri</em></strong></span> <span class='ocrx_word' id='word_1_17' title='bbox 632 386 721 417; x_wconf 90' lang='lat' dir='ltr'><strong><em>non</em></strong></span> <span class='ocrx_word' id='word_1_18' title='bbox 736 378 911 432; x_wconf 86' lang='lat' dir='ltr'><strong><em>potest,</em></strong></span> <span class='ocrx_word' id='word_1_19' title='bbox 934 370 1045 430; x_wconf 87' lang='lat' dir='ltr'><strong><em>quin</em></strong></span> <span class='ocrx_word' id='word_1_20' title='bbox 1067 369 1251 430; x_wconf 83' lang='lat' dir='ltr'><strong><em>aliquot</em></strong></span> <span class='ocrx_word' id='word_1_21' title='bbox 1267 368 1407 429; x_wconf 87' lang='lat' dir='ltr'><strong><em>probi</em></strong></span> 
     </span>
     <span class='ocr_line' id='line_1_5' title="bbox 213 436 1409 501; baseline -0.004 -17"><span class='ocrx_word' id='word_1_22' title='bbox 213 440 377 501; x_wconf 87' lang='lat' dir='ltr'><strong><em>piique</em></strong></span> <span class='ocrx_word' id='word_1_23' title='bbox 385 439 578 500; x_wconf 89' lang='lat' dir='ltr'><strong><em>fuerint</em></strong></span> <span class='ocrx_word' id='word_1_24' title='bbox 593 437 775 499; x_wconf 85' lang='lat' dir='ltr'><strong><em>futuri.</em></strong></span> <span class='ocrx_word' id='word_1_25' title='bbox 804 437 975 497; x_wconf 88' lang='lat' dir='ltr'><strong><em>Itaque</em></strong></span> <span class='ocrx_word' id='word_1_26' title='bbox 998 436 1176 492; x_wconf 90' lang='lat' dir='ltr'><strong><em>monui,</em></strong></span> <span class='ocrx_word' id='word_1_27' title='bbox 1206 442 1257 480; x_wconf 89' lang='lat' dir='ltr'><strong><em>ut</em></strong></span> <span class='ocrx_word' id='word_1_28' title='bbox 1275 448 1409 479; x_wconf 90' lang='lat' dir='ltr'><strong><em>sum-</em></strong></span> 
     </span>
     <span class='ocr_line' id='line_1_6' title="bbox 210 502 1407 568; baseline -0.006 -17"><span class='ocrx_word' id='word_1_29' title='bbox 210 505 374 568; x_wconf 79' lang='lat' dir='ltr'><strong><em>ptibus</em></strong></span> <span class='ocrx_word' id='word_1_30' title='bbox 391 512 664 567; x_wconf 81' lang='lat' dir='ltr'><strong><em>parcerent,</em></strong></span> <span class='ocrx_word' id='word_1_31' title='bbox 696 511 743 548; x_wconf 90' lang='lat' dir='ltr'><strong><em>et</em></strong></span> <span class='ocrx_word' id='word_1_32' title='bbox 771 502 982 564; x_wconf 80' lang='lat' dir='ltr'><strong><em>singuloe</em></strong></span> <span class='ocrx_word' id='word_1_33' title='bbox 1012 502 1236 562; x_wconf 78' lang='lat' dir='ltr'><strong><em>regiones</em></strong></span> <span class='ocrx_word' id='word_1_34' title='bbox 1260 515 1407 545; x_wconf 89' lang='lat' dir='ltr'><strong><em>unum</em></strong></span> 
     </span>
     <span class='ocr_line' id='line_1_7' title="bbox 217 565 1410 616; baseline -0.006 0"><span class='ocrx_word' id='word_1_35' title='bbox 217 579 303 616; x_wconf 90' lang='lat' dir='ltr'><strong><em>aut</em></strong></span> <span class='ocrx_word' id='word_1_36' title='bbox 346 572 556 616; x_wconf 89' lang='lat' dir='ltr'><strong><em>alterum</em></strong></span> <span class='ocrx_word' id='word_1_37' title='bbox 603 570 865 614; x_wconf 81' lang='lat' dir='ltr'><strong><em>dumtaxat</em></strong></span> <span class='ocrx_word' id='word_1_38' title='bbox 913 568 1175 613; x_wconf 83' lang='lat' dir='ltr'><strong><em>mitterent.</em></strong></span> <span class='ocrx_word' id='word_1_39' title='bbox 1219 565 1410 612; x_wconf 86' lang='lat' dir='ltr'><strong><em>Deinde</em></strong></span> 
     </span>
     <span class='ocr_line' id='line_1_8' title="bbox 219 632 1404 698; baseline -0.006 -16"><span class='ocrx_word' id='word_1_40' title='bbox 219 652 363 698; x_wconf 88' lang='lat' dir='ltr'><strong><em>quum</em></strong></span> <span class='ocrx_word' id='word_1_41' title='bbox 396 652 453 681; x_wconf 87' lang='lat' dir='ltr'><strong><em>ne</em></strong></span> <span class='ocrx_word' id='word_1_42' title='bbox 492 636 578 681; x_wconf 87' lang='lat' dir='ltr'><strong><em>hoc</em></strong></span> <span class='ocrx_word' id='word_1_43' title='bbox 613 635 805 696; x_wconf 88' lang='lat' dir='ltr'><strong><em>quidem</em></strong></span> <span class='ocrx_word' id='word_1_44' title='bbox 843 634 963 680; x_wconf 84' lang='lat' dir='ltr'><strong><em>satis</em></strong></span> <span class='ocrx_word' id='word_1_45' title='bbox 995 641 1149 678; x_wconf 83' lang='lat' dir='ltr'><strong><em>tutum</em></strong></span> <span class='ocrx_word' id='word_1_46' title='bbox 1177 632 1404 688; x_wconf 81' lang='lat' dir='ltr'><strong><em>viderem,</em></strong></span> 
     </span>
     <span class='ocr_line' id='line_1_9' title="bbox 220 699 1410 764; baseline -0.005 -16"><span class='ocrx_word' id='word_1_47' title='bbox 220 712 267 748; x_wconf 89' lang='lat' dir='ltr'><strong><em>et</em></strong></span> <span class='ocrx_word' id='word_1_48' title='bbox 284 716 463 764; x_wconf 90' lang='lat' dir='ltr'><strong><em>paucos</em></strong></span> <span class='ocrx_word' id='word_1_49' title='bbox 487 718 555 747; x_wconf 88' lang='lat' dir='ltr'><strong><em>ex</em></strong></span> <span class='ocrx_word' id='word_1_50' title='bbox 581 709 649 746; x_wconf 90' lang='lat' dir='ltr'><strong><em>tot</em></strong></span> <span class='ocrx_word' id='word_1_51' title='bbox 672 700 935 763; x_wconf 79' lang='lat' dir='ltr'><strong><em>provinciis</em></strong></span> <span class='ocrx_word' id='word_1_52' title='bbox 967 699 1032 744; x_wconf 88' lang='lat' dir='ltr'><strong><em>ad</em></strong></span> <span class='ocrx_word' id='word_1_53' title='bbox 1064 713 1296 761; x_wconf 80' lang='lat' dir='ltr'><strong><em>magnum</em></strong></span> <span class='ocrx_word' id='word_1_54' title='bbox 1333 712 1410 743; x_wconf 91' lang='lat' dir='ltr'><strong><em>re-</em></strong></span> 
     </span>
     <span class='ocr_line' id='line_1_10' title="bbox 221 764 1413 827; baseline -0.005 -13"><span class='ocrx_word' id='word_1_55' title='bbox 221 769 407 814; x_wconf 87' lang='lat' dir='ltr'><strong><em>dituros</em></strong></span> <span class='ocrx_word' id='word_1_56' title='bbox 453 782 720 823; x_wconf 88' lang='lat' dir='ltr'><strong><em>numerum,</em></strong></span> <span class='ocrx_word' id='word_1_57' title='bbox 769 767 920 812; x_wconf 91' lang='lat' dir='ltr'><strong><em>denuo</em></strong></span> <span class='ocrx_word' id='word_1_58' title='bbox 961 766 1060 811; x_wconf 92' lang='lat' dir='ltr'><strong><em>illis</em></strong></span> <span class='ocrx_word' id='word_1_59' title='bbox 1088 766 1199 827; x_wconf 89' lang='lat' dir='ltr'><strong><em>jam</em></strong></span> <span class='ocrx_word' id='word_1_60' title='bbox 1224 764 1288 809; x_wconf 90' lang='lat' dir='ltr'><strong><em>ad</em></strong></span> <span class='ocrx_word' id='word_1_61' title='bbox 1320 764 1413 808; x_wconf 89' lang='lat' dir='ltr'><strong><em>iter</em></strong></span> 
     </span>
     <span class='ocr_line' id='line_1_11' title="bbox 220 830 1412 889; baseline -0.004 -10"><span class='ocrx_word' id='word_1_62' title='bbox 220 833 444 881; x_wconf 80' lang='lat' dir='ltr'><strong><em>accinctis</em></strong></span> <span class='ocrx_word' id='word_1_63' title='bbox 470 833 749 879; x_wconf 79' lang='lat' dir='ltr'><strong><em>denuntiavi</em></strong></span> <span class='ocrx_word' id='word_1_64' title='bbox 782 847 839 877; x_wconf 92' lang='lat' dir='ltr'><strong><em>ne</em></strong></span> <span class='ocrx_word' id='word_1_65' title='bbox 871 831 1100 889; x_wconf 74' lang='lat' dir='ltr'><strong><em>venirent,</em></strong></span> <span class='ocrx_word' id='word_1_66' title='bbox 1141 830 1412 877; x_wconf 87' lang='lat' dir='ltr'><strong><em>Concilium</em></strong></span> 
     </span>
     <span class='ocr_line' id='line_1_12' title="bbox 222 897 1412 962; baseline -0.004 -17"><span class='ocrx_word' id='word_1_67' title='bbox 222 901 269 945; x_wconf 86' lang='lat' dir='ltr'><strong><em>in</em></strong></span> <span class='ocrx_word' id='word_1_68' title='bbox 301 900 436 945; x_wconf 88' lang='lat' dir='ltr'><strong><em>aliud</em></strong></span> <span class='ocrx_word' id='word_1_69' title='bbox 469 908 655 962; x_wconf 88' lang='lat' dir='ltr'><strong><em>tempus</em></strong></span> <span class='ocrx_word' id='word_1_70' title='bbox 686 897 1079 961; x_wconf 81' lang='lat' dir='ltr'><strong><em>prorogandum,</em></strong></span> <span class='ocrx_word' id='word_1_71' title='bbox 1121 904 1412 943; x_wconf 88' lang='lat' dir='ltr'><strong><em>commentus</em></strong></span> 
     </span>
     <span class='ocr_line' id='line_1_13' title="bbox 222 962 1413 1027; baseline -0.006 -14"><span class='ocrx_word' id='word_1_72' title='bbox 222 967 286 1013; x_wconf 91' lang='lat' dir='ltr'><strong><em>ad</em></strong></span> <span class='ocrx_word' id='word_1_73' title='bbox 312 967 360 1011; x_wconf 87' lang='lat' dir='ltr'><strong><em>id</em></strong></span> <span class='ocrx_word' id='word_1_74' title='bbox 390 981 560 1012; x_wconf 77' lang='lat' dir='ltr'><strong><em>causas</em></strong></span> <span class='ocrx_word' id='word_1_75' title='bbox 588 974 820 1027; x_wconf 91' lang='lat' dir='ltr'><strong><em>utcunque</em></strong></span> <span class='ocrx_word' id='word_1_76' title='bbox 838 964 1125 1026; x_wconf 85' lang='lat' dir='ltr'><strong><em>probabiles.</em></strong></span> <span class='ocrx_word' id='word_1_77' title='bbox 1155 966 1314 1024; x_wconf 83' lang='lat' dir='ltr'><strong><em>Atque</em></strong></span> <span class='ocrx_word' id='word_1_78' title='bbox 1339 962 1413 1007; x_wconf 84' lang='lat' dir='ltr'><strong><em>his</em></strong></span> 
     </span>
     <span class='ocr_line' id='line_1_14' title="bbox 222 1031 1412 1079; baseline -0.005 0"><span class='ocrx_word' id='word_1_79' title='bbox 222 1033 411 1079; x_wconf 86' lang='lat' dir='ltr'><strong><em>artibus</em></strong></span> <span class='ocrx_word' id='word_1_80' title='bbox 446 1032 659 1078; x_wconf 82' lang='lat' dir='ltr'><strong><em>exclusis</em></strong></span> <span class='ocrx_word' id='word_1_81' title='bbox 694 1031 928 1077; x_wconf 82' lang='lat' dir='ltr'><strong><em>universis</em></strong></span> <span class='ocrx_word' id='word_1_82' title='bbox 964 1045 1157 1077; x_wconf 88' lang='lat' dir='ltr'><strong><em>rursum</em></strong></span> <span class='ocrx_word' id='word_1_83' title='bbox 1191 1038 1412 1074; x_wconf 81' lang='lat' dir='ltr'><strong><em>antever-</em></strong></span> 
     </span>
     <span class='ocr_line' id='line_1_15' title="bbox 226 1096 1413 1160; baseline -0.005 -16"><span class='ocrx_word' id='word_1_84' title='bbox 226 1109 326 1145; x_wconf 87' lang='lat' dir='ltr'><strong><em>tens</em></strong></span> <span class='ocrx_word' id='word_1_85' title='bbox 347 1113 485 1160; x_wconf 87' lang='lat' dir='ltr'><strong><em>quem</em></strong></span> <span class='ocrx_word' id='word_1_86' title='bbox 499 1098 902 1160; x_wconf 58' lang='lat' dir='ltr'><strong><em>praescrzjoseram</em></strong></span> <span class='ocrx_word' id='word_1_87' title='bbox 925 1096 1067 1154; x_wconf 89' lang='lat' dir='ltr'><strong><em>diem,</em></strong></span> <span class='ocrx_word' id='word_1_88' title='bbox 1089 1098 1262 1142; x_wconf 65' lang='lat' dir='ltr'><strong><em>Roma?</em></strong></span> <span class='ocrx_word' id='word_1_89' title='bbox 1284 1096 1328 1142; x_wconf 94' lang='lat' dir='ltr'><strong><em>C</em></strong></span> <span class='ocrx_word' id='word_1_90' title='bbox 1331 1109 1413 1140; x_wconf 90' lang='lat' dir='ltr'><strong><em>on-</em></strong></span> 
     </span>
     <span class='ocr_line' id='line_1_16' title="bbox 224 1160 1415 1223; baseline -0.006 -12"><span class='ocrx_word' id='word_1_91' title='bbox 224 1166 390 1212; x_wconf 85' lang='lat' dir='ltr'><strong><em>cilium</em></strong></span> <span class='ocrx_word' id='word_1_92' title='bbox 413 1165 599 1210; x_wconf 88' lang='lat' dir='ltr'><strong><em>institui</em></strong></span> <span class='ocrx_word' id='word_1_93' title='bbox 621 1180 729 1210; x_wconf 90' lang='lat' dir='ltr'><strong><em>cum</em></strong></span> <span class='ocrx_word' id='word_1_94' title='bbox 755 1164 828 1209; x_wconf 87' lang='lat' dir='ltr'><strong><em>his</em></strong></span> <span class='ocrx_word' id='word_1_95' title='bbox 853 1163 1116 1208; x_wconf 87' lang='lat' dir='ltr'><strong><em>dumtaxat</em></strong></span> <span class='ocrx_word' id='word_1_96' title='bbox 1137 1175 1252 1223; x_wconf 86' lang='lat' dir='ltr'><strong><em>quos</em></strong></span> <span class='ocrx_word' id='word_1_97' title='bbox 1277 1161 1340 1206; x_wconf 89' lang='lat' dir='ltr'><strong><em>ad</em></strong></span> <span class='ocrx_word' id='word_1_98' title='bbox 1367 1160 1415 1204; x_wconf 91' lang='lat' dir='ltr'><strong><em>id</em></strong></span> 
     </span>
     <span class='ocr_line' id='line_1_17' title="bbox 220 1229 1411 1295; baseline -0.004 -18"><span class='ocrx_word' id='word_1_99' title='bbox 220 1246 529 1295; x_wconf 79' lang='lat' dir='ltr'><strong><em>paraveram.</em></strong></span> <span class='ocrx_word' id='word_1_100' title='bbox 556 1232 691 1276; x_wconf 91' lang='lat' dir='ltr'><strong><em>Inter</em></strong></span> <span class='ocrx_word' id='word_1_101' title='bbox 715 1244 830 1291; x_wconf 92' lang='lat' dir='ltr'><strong><em>quos</em></strong></span> <span class='ocrx_word' id='word_1_102' title='bbox 859 1229 1006 1274; x_wconf 88' lang='lat' dir='ltr'><strong><em>etiam</em></strong></span> <span class='ocrx_word' id='word_1_103' title='bbox 1038 1229 1165 1289; x_wconf 85' lang='lat' dir='ltr'><strong><em>siqui</em></strong></span> <span class='ocrx_word' id='word_1_104' title='bbox 1186 1229 1411 1290; x_wconf 81' lang='lat' dir='ltr'><strong><em>fuerant,</em></strong></span> 
     </span>
     <span class='ocr_line' id='line_1_18' title="bbox 225 1295 1414 1360; baseline -0.005 -16"><span class='ocrx_word' id='word_1_105' title='bbox 225 1298 305 1360; x_wconf 91' lang='lat' dir='ltr'><strong><em>qui</em></strong></span> <span class='ocrx_word' id='word_1_106' title='bbox 339 1297 647 1343; x_wconf 88' lang='lat' dir='ltr'><strong><em>dissentirent</em></strong></span> <span class='ocrx_word' id='word_1_107' title='bbox 681 1311 711 1342; x_wconf 91' lang='lat' dir='ltr'><strong><em>a</em></strong></span> <span class='ocrx_word' id='word_1_108' title='bbox 746 1311 835 1352; x_wconf 89' lang='lat' dir='ltr'><strong><em>me,</em></strong></span> <span class='ocrx_word' id='word_1_109' title='bbox 880 1304 1037 1341; x_wconf 88' lang='lat' dir='ltr'><strong><em>tamen</em></strong></span> <span class='ocrx_word' id='word_1_110' title='bbox 1077 1295 1196 1340; x_wconf 85' lang='lat' dir='ltr'><strong><em>illud</em></strong></span> <span class='ocrx_word' id='word_1_111' title='bbox 1230 1303 1414 1340; x_wconf 87' lang='lat' dir='ltr'><strong><em>certum</em></strong></span> 
     </span>
     <span class='ocr_line' id='line_1_19' title="bbox 226 1362 1408 1423; baseline -0.004 -13"><span class='ocrx_word' id='word_1_112' title='bbox 226 1364 483 1421; x_wconf 85' lang='lat' dir='ltr'><strong><em>habebant,</em></strong></span> <span class='ocrx_word' id='word_1_113' title='bbox 534 1363 669 1409; x_wconf 87' lang='lat' dir='ltr'><strong><em>Julio</em></strong></span> <span class='ocrx_word' id='word_1_114' title='bbox 722 1362 957 1407; x_wconf 92' lang='lat' dir='ltr'><strong><em>neminem</em></strong></span> <span class='ocrx_word' id='word_1_115' title='bbox 1016 1362 1408 1423; x_wconf 77' lang='lat' dir='ltr'><strong><em>refragaturum,</em></strong></span> 
     </span>
     <span class='ocr_line' id='line_1_20' title="bbox 229 1426 1416 1490; baseline -0.004 -14"><span class='ocrx_word' id='word_1_116' title='bbox 229 1432 374 1477; x_wconf 86' lang='lat' dir='ltr'><strong><em>tantis</em></strong></span> <span class='ocrx_word' id='word_1_117' title='bbox 405 1430 561 1476; x_wconf 84' lang='lat' dir='ltr'><strong><em>armis</em></strong></span> <span class='ocrx_word' id='word_1_118' title='bbox 594 1437 640 1475; x_wconf 91' lang='lat' dir='ltr'><strong><em>et</em></strong></span> <span class='ocrx_word' id='word_1_119' title='bbox 669 1429 959 1476; x_wconf 85' lang='lat' dir='ltr'><strong><em>satellitibus</em></strong></span> <span class='ocrx_word' id='word_1_120' title='bbox 990 1429 1184 1490; x_wconf 88' lang='lat' dir='ltr'><strong><em>stipato.</em></strong></span> <span class='ocrx_word' id='word_1_121' title='bbox 1211 1428 1325 1473; x_wconf 90' lang='lat' dir='ltr'><strong><em>Jam</em></strong></span> <span class='ocrx_word' id='word_1_122' title='bbox 1353 1426 1416 1471; x_wconf 92' lang='lat' dir='ltr'><strong><em>ad</em></strong></span> 
     </span>
     <span class='ocr_line' id='line_1_21' title="bbox 228 1494 1415 1557; baseline -0.004 -14"><span class='ocrx_word' id='word_1_123' title='bbox 228 1498 350 1544; x_wconf 87' lang='lat' dir='ltr'><strong><em>hunc</em></strong></span> <span class='ocrx_word' id='word_1_124' title='bbox 373 1497 565 1542; x_wconf 87' lang='lat' dir='ltr'><strong><em>modum</em></strong></span> <span class='ocrx_word' id='word_1_125' title='bbox 597 1496 841 1557; x_wconf 81' lang='lat' dir='ltr'><strong><em>ingentem</em></strong></span> <span class='ocrx_word' id='word_1_126' title='bbox 877 1494 1105 1541; x_wconf 77' lang='lat' dir='ltr'><strong><em>invidiam</em></strong></span> <span class='ocrx_word' id='word_1_127' title='bbox 1138 1494 1263 1539; x_wconf 79' lang='lat' dir='ltr'><strong><em>movi</em></strong></span> <span class='ocrx_word' id='word_1_128' title='bbox 1295 1494 1415 1539; x_wconf 77' lang='lat' dir='ltr'><strong><em>Gal-</em></strong></span> 
     </span>
     <span class='ocr_line' id='line_1_22' title="bbox 229 1561 1415 1622; baseline -0.004 -14"><span class='ocrx_word' id='word_1_129' title='bbox 229 1564 381 1608; x_wconf 93' lang='lat' dir='ltr'><strong><em>licano</em></strong></span> <span class='ocrx_word' id='word_1_130' title='bbox 420 1563 495 1607; x_wconf 91' lang='lat' dir='ltr'><strong><em>illi</em></strong></span> <span class='ocrx_word' id='word_1_131' title='bbox 523 1562 752 1617; x_wconf 86' lang='lat' dir='ltr'><strong><em>Concilio,</em></strong></span> <span class='ocrx_word' id='word_1_132' title='bbox 794 1561 1010 1607; x_wconf 88' lang='lat' dir='ltr'><strong><em>dimissis</em></strong></span> <span class='ocrx_word' id='word_1_133' title='bbox 1041 1574 1415 1622; x_wconf 77' lang='lat' dir='ltr'><strong><em>quoquoversum</em></strong></span> 
     </span>
     <span class='ocr_line' id='line_1_23' title="bbox 229 1627 1415 1689; baseline -0.003 -14"><span class='ocrx_word' id='word_1_134' title='bbox 229 1630 398 1687; x_wconf 90' lang='lat' dir='ltr'><strong><em>literis,</em></strong></span> <span class='ocrx_word' id='word_1_135' title='bbox 429 1630 474 1674; x_wconf 93' lang='lat' dir='ltr'><strong><em>in</em></strong></span> <span class='ocrx_word' id='word_1_136' title='bbox 500 1629 667 1689; x_wconf 85' lang='lat' dir='ltr'><strong><em>quibus</em></strong></span> <span class='ocrx_word' id='word_1_137' title='bbox 688 1628 747 1673; x_wconf 88' lang='lat' dir='ltr'><strong><em>de</em></strong></span> <span class='ocrx_word' id='word_1_138' title='bbox 771 1636 932 1672; x_wconf 84' lang='lat' dir='ltr'><strong><em>nostro</em></strong></span> <span class='ocrx_word' id='word_1_139' title='bbox 956 1635 1259 1673; x_wconf 87' lang='lat' dir='ltr'><strong><em>sacrosancto</em></strong></span> <span class='ocrx_word' id='word_1_140' title='bbox 1288 1627 1415 1672; x_wconf 92' lang='lat' dir='ltr'><strong><em>Con-</em></strong></span> 
     </span>
     <span class='ocr_line' id='line_1_24' title="bbox 229 1692 1414 1758; baseline -0.004 -17"><span class='ocrx_word' id='word_1_141' title='bbox 229 1697 342 1742; x_wconf 90' lang='lat' dir='ltr'><strong><em>cilio</em></strong></span> <span class='ocrx_word' id='word_1_142' title='bbox 369 1695 620 1758; x_wconf 85' lang='lat' dir='ltr'><strong><em>faciebam</em></strong></span> <span class='ocrx_word' id='word_1_143' title='bbox 651 1694 952 1749; x_wconf 86' lang='lat' dir='ltr'><strong><em>mentionem,</em></strong></span> <span class='ocrx_word' id='word_1_144' title='bbox 998 1693 1269 1739; x_wconf 88' lang='lat' dir='ltr'><strong><em>Concilium</em></strong></span> <span class='ocrx_word' id='word_1_145' title='bbox 1307 1692 1414 1736; x_wconf 83' lang='lat' dir='ltr'><strong><em>illo-</em></strong></span> 
     </span>
     <span class='ocr_line' id='line_1_25' title="bbox 230 1760 1415 1817; baseline -0.004 -9"><span class='ocrx_word' id='word_1_146' title='bbox 230 1778 339 1808; x_wconf 91' lang='lat' dir='ltr'><strong><em>rum</em></strong></span> <span class='ocrx_word' id='word_1_147' title='bbox 371 1776 621 1817; x_wconf 86' lang='lat' dir='ltr'><strong><em>execrans,</em></strong></span> <span class='ocrx_word' id='word_1_148' title='bbox 658 1760 1032 1806; x_wconf 81' lang='lat' dir='ltr'><strong><em>conventiculum</em></strong></span> <span class='ocrx_word' id='word_1_149' title='bbox 1061 1761 1269 1816; x_wconf 82' lang='lat' dir='ltr'><strong><em>Satance,</em></strong></span> <span class='ocrx_word' id='word_1_150' title='bbox 1307 1773 1415 1804; x_wconf 92' lang='lat' dir='ltr'><strong><em>con-</em></strong></span> 
     </span>
     <span class='ocr_line' id='line_1_26' title="bbox 231 1825 1417 1886; baseline -0.004 -12"><span class='ocrx_word' id='word_1_151' title='bbox 231 1829 510 1875; x_wconf 88' lang='lat' dir='ltr'><strong><em>ciliabulum</em></strong></span> <span class='ocrx_word' id='word_1_152' title='bbox 540 1827 751 1883; x_wconf 87' lang='lat' dir='ltr'><strong><em>Diaboli,</em></strong></span> <span class='ocrx_word' id='word_1_153' title='bbox 788 1827 1140 1871; x_wconf 80' lang='lat' dir='ltr'><strong><em>schismaticam</em></strong></span> <span class='ocrx_word' id='word_1_154' title='bbox 1172 1825 1417 1886; x_wconf 86' lang='lat' dir='ltr'><strong><em>conspira-</em></strong></span> 
     </span>
     <span class='ocr_line' id='line_1_27' title="bbox 232 1893 911 1941; baseline -0.006 -1"><span class='ocrx_word' id='word_1_155' title='bbox 232 1896 405 1941; x_wconf 90' lang='lat' dir='ltr'><strong><em>tionem</em></strong></span> <span class='ocrx_word' id='word_1_156' title='bbox 430 1895 627 1941; x_wconf 85' lang='lat' dir='ltr'><strong><em>subinde</em></strong></span> <span class='ocrx_word' id='word_1_157' title='bbox 650 1893 911 1939; x_wconf 83' lang='lat' dir='ltr'><strong><em>nominans.</em></strong></span> 
     </span>
    </p>
   </div>
  </div>
 </body>
</html>
