1508 2671
292 136 308 169 1
331 136 346 170 1
360 117 392 170 6
797 114 971 170 Julius

281 247 385 278 rem
403 240 757 296 praeposteram
791 245 938 292 usque
978 232 1096 277 adeo
1131 244 1356 294 spurcam
1382 233 1467 278 du-

279 307 393 345 cunt
431 299 519 359 illi,
557 307 607 344 ut
642 298 685 344 si
724 298 828 359 quis
864 298 940 344 vel
977 297 1186 343 nominet
1222 299 1376 357 modo,
1423 307 1471 344 et

280 381 444 413 aerem
504 374 552 412 et
605 365 756 412 solem
802 364 1084 410 existiment
1118 364 1289 426 pollui,
1337 365 1470 411 nobis

283 433 427 495 longe
459 432 650 479 diversa
687 431 925 477 sententia
962 438 1046 477 est.
1073 432 1200 476 Item
1231 431 1466 490 Simonia,

269 500 381 560 jam
407 499 522 545 olim
560 513 590 544 a
615 512 779 543 rerum
801 505 976 542 natura
1002 497 1244 544 sublatum
1269 498 1470 544 vocabu-

283 566 397 623 lum,
426 565 555 612 velut
578 564 802 610 umbram
827 563 981 609 adhuc
994 564 1277 625 formidant
1305 564 1391 617 illi,
1426 572 1472 609 et

280 632 553 694 antiquatas
566 632 679 691 jam
710 638 927 677 veterum
959 630 1092 693 leges
1124 630 1364 676 mordicus
1402 638 1469 675 te-

281 707 407 757 nent,
434 711 519 744 nos
550 697 649 743 alio
680 705 967 759 spectamus.
1005 697 1165 758 Atque
1195 697 1471 757 hujusmodi

273 764 525 827 permulta
542 771 653 812 sunt
672 764 787 820 alia,
818 763 864 807 in
888 762 1058 824 quibus
1079 762 1213 808 nobis
1239 777 1329 808 non
1359 777 1469 809 con-

279 832 409 877 venit
457 845 565 876 cum
620 830 872 875 Barbaris.
934 829 1150 875 Proinde
1200 843 1309 875 cum
1358 829 1469 889 jam

279 899 432 944 simus
480 906 580 943 tam
616 895 845 942 dissimili
879 895 991 942 vitoe
1027 895 1258 954 instituto,
1299 897 1470 958 procul

281 963 478 1009 arcendi
497 971 609 1010 sunt
627 976 658 1008 a
679 962 858 1009 nostris
881 962 1150 1023 mysteriis,
1176 963 1341 1023 magis
1364 976 1469 1007 sus-

273 1030 467 1094 pecturi
484 1029 529 1077 si
549 1029 762 1075 nesciant
788 1045 801 1072 .-
835 1042 948 1074 nam
970 1028 1015 1074 si
1038 1028 1188 1074 semel
1213 1028 1468 1073 intellexe-

281 1098 382 1143 rint
423 1110 604 1143 arcana
646 1095 814 1142 Curia?
853 1103 1042 1152 nostrae,
1077 1095 1303 1156 protinus
1341 1096 1468 1140 evul—

280 1171 419 1225 gant,
447 1171 495 1209 et
513 1162 674 1209 nescio
699 1176 789 1222 quo
807 1169 952 1223 pacto
981 1160 1046 1206 ad
1072 1161 1191 1207 vitia
1213 1162 1470 1222 reprehen-

282 1230 437 1275 denda
459 1237 569 1275 sunt
591 1227 924 1285 oculatissimi,
946 1227 1161 1274 scribunt
1181 1227 1470 1273 maledicen-

283 1296 497 1343 tissimas
536 1295 600 1340 ad
629 1308 739 1341 suos
771 1294 939 1339 literas
951 1313 969 1351 ,·
999 1293 1251 1339 clamitant
1284 1294 1470 1355 passim

282 1363 410 1424 apud
434 1375 518 1416 nos
543 1375 632 1407 non
662 1373 764 1407 esse
786 1360 949 1406 sedem
984 1360 1187 1418 Christi,
1216 1361 1301 1407 sed
1324 1361 1469 1407 senti·-

282 1443 394 1474 nam
413 1430 612 1476 Satanoe
625 1446 642 1485 ,·
665 1427 724 1472 de
747 1440 824 1472 me
844 1426 1103 1488 disputant,
1126 1441 1237 1472 num
1258 1426 1328 1474 sic
1347 1441 1470 1473 asse-

282 1504 420 1543 cutus
451 1494 776 1556 Pontificium,
804 1493 873 1539 sic
903 1493 1075 1550 vivens,
1105 1508 1200 1555 pro
1238 1493 1472 1555 Pontifice

282 1563 373 1609 sim
413 1560 669 1618 habendus,
719 1567 861 1620 atque
905 1560 974 1605 ita
1001 1560 1218 1621 primum
1255 1560 1472 1606 minuunt

279 1637 498 1675 nostram
523 1627 652 1689 apud
675 1627 866 1687 ignotos
892 1626 1160 1672 sanctitatis
1182 1627 1465 1689 opinionem,

280 1695 430 1743 simul
449 1703 496 1740 et
518 1693 845 1752 autoritatem,
872 1693 953 1754 qui
975 1701 1085 1739 ante
1116 1693 1175 1738 de
1199 1693 1331 1739 nobis
1355 1693 1472 1738 nihil

282 1762 551 1819 audierant,
581 1760 676 1806 nisi
705 1759 831 1820 quod
867 1760 1055 1806 Christi
1088 1760 1237 1805 vicem
1268 1773 1469 1822 gerere-

281 1844 403 1887 mus,
430 1837 474 1873 et
487 1827 792 1889 proximam,
817 1833 961 1888 atque
981 1826 1100 1872 adeo
1118 1841 1291 1888 parem
1310 1834 1470 1888 potes-

282 1940 420 1976 edition
447 1939 497 1974 du
524 1937 669 1975 Julius,
693 1937 823 1973 Est-ce
847 1947 919 1972 une
943 1937 1043 1972 faute
1068 1937 1339 1982 d'impressi0n‚
1361 1947 1410 1972 ou
1437 1938 1470 1972 le

281 1990 550 2039 pamphletaire
570 1990 677 2025 a-t-il
705 1990 819 2025 voulu
839 1994 1045 2034 accentuer‚
1071 2000 1116 2024 en
1136 1991 1296 2035 figurant
1318 1991 1354 2024 la
1381 1999 1467 2035 pro-

281 2043 495 2080 nonciation
526 2041 729 2086 Italienne,
757 2041 792 2076 la
828 2041 1070 2086 pre'dflection
1102 2042 1168 2076 des
1196 2041 1345 2076 ltaliens
1375 2051 1469 2086 pour

281 2097 362 2131 leur
381 2095 494 2140 peche
522 2092 702 2139 mignon?
733 2093 836 2128 Dans
865 2103 906 2128 ce
927 2103 1002 2137 cas,
1026 2092 1060 2128 le
1082 2093 1213 2129 Julius
1235 2103 1282 2128 ne
1304 2093 1469 2138 pourrait

282 2148 359 2182 &tre
393 2146 551 2182 l'oeuvre
585 2145 630 2180 de
665 2145 806 2181 Fausto
842 2143 1058 2190 Andrelini,
1095 2144 1225 2180 Italien
1260 2144 1465 2185 lui—meme,

282 2199 413 2243 auquel
438 2198 543 2245 lfidee
569 2207 616 2232 ne
643 2197 757 2232 serait
777 2196 910 2241 jamais
934 2207 1051 2232 venue
1071 2197 1116 2233 de
1141 2207 1181 2232 se
1204 2206 1358 2241 moquer
1373 2196 1471 2231 ainsi

283 2251 331 2285 du
349 2250 472 2295 parler
492 2249 536 2286 de
554 2259 613 2286 ses
636 2248 915 2295 compatriotes.
