1508 2671
228 193 263 247 ὅ
733 194 908 250 Julius

721 348 899 380 JULIUS.

280 427 388 472 Imo
413 428 534 472 milii
546 437 732 489 proeter
755 429 875 473 hanc
904 428 1036 473 nulla
1061 441 1267 488 unquam
1281 427 1401 488 suit,

224 507 372 553 neque
408 494 542 540 video
582 495 696 556 quid
734 508 850 556 opus
884 494 949 540 sit
988 493 1089 551 illa,
1126 509 1269 555 quum
1309 493 1408 538 hoec

224 559 365 605 adsit.

724 693 904 726 GENIUS.

281 774 389 819 Nec
423 787 515 834 ego
538 787 665 832 sane,
700 774 793 820 nisi
831 774 955 835 quod
999 773 1192 818 interim
1232 772 1404 817 exclu-

223 839 398 885 dimzcr.

729 979 906 1011 JULIUS.

278 1060 572 1122 Effervescz't
592 1060 710 1105 mihi
732 1060 852 1116 hilis,
868 1059 1073 1121 pulsabo
1073 1060 1230 1121 fores.
1245 1059 1403 1117 Heus,

222 1126 359 1181 heus,
399 1126 583 1187 aperite
614 1126 699 1171 hoc
733 1134 948 1171 actutum
992 1125 1167 1186 aliquis
1211 1125 1401 1171 ostium.

225 1192 355 1247 Quid
382 1192 468 1237 hoc
503 1192 576 1237 rei
609 1194 717 1237 est?
745 1193 909 1237 Nemo
932 1192 1137 1252 prodit?
1171 1191 1302 1247 Quid
1338 1191 1407 1236 ita

220 1267 375 1303 cessat
415 1259 491 1304 lzic
514 1258 747 1318 janitor?
786 1258 962 1305 Stertit
993 1258 1162 1319 opinor
1196 1257 1405 1320 adprobo

219 1332 378 1385 potus.

719 1464 901 1495 GENIUS.

284 1546 348 1591 Ut
368 1545 443 1590 hic
459 1559 525 1590 ex
543 1558 595 1590 se
619 1545 819 1591 metitur
838 1560 999 1592 omnes
1018 1547 1038 1591 l

708 1692 887 1724 PETRUS
895 1715 904 1726 .

272 1774 404 1818 Bene
435 1781 507 1817 est
544 1773 668 1833 quod
696 1782 889 1833 portam
916 1774 1141 1820 habemus
1164 1774 1399 1820 adaman-

217 1839 380 1895 tinam,
425 1839 608 1900 alioqui
636 1841 778 1901 sores
814 1841 888 1885 lzic
921 1841 1136 1901 quisquis
1164 1849 1248 1895 est,
1287 1857 1400 1902 per-

205 1905 462 1966 fregisset.
489 1907 751 1968 Gigantem
772 1907 995 1966 aliquem,
1024 1915 1110 1951 aut
1135 1915 1395 1968 satrapam,

216 1971 405 2016 urbium
452 1986 733 2029 eversorem,
780 1981 968 2033 oportet
1007 1973 1186 2019 adesse.
1231 1973 1328 2018 Sed
1374 1989 1400 2019 o

213 2039 374 2082 Deum
409 2038 746 2095 immortalem,
777 2053 919 2098 quam
946 2039 1021 2083 lzic
1040 2039 1252 2084 cloacam
1271 2040 1398 2101 olfa—

215 2103 314 2148 cio!
349 2105 462 2148 Non
495 2105 660 2149 statim
691 2105 909 2165 aperiam
938 2105 1127 2163 ostium,
1171 2106 1256 2151 sed
1293 2106 1400 2151 hinc

215 2185 239 2214 e
245 2170 511 2230 fenestella
533 2171 795 2215 cancellata
814 2180 1142 2232 prospectans,
1157 2172 1398 2233 quidpor-

214 2237 330 2280 tenti
366 2237 431 2281 sit
469 2251 769 2299 cognoscam.
796 2238 915 2294 Quis
937 2241 1026 2284 es?
1053 2247 1139 2283 aut
1173 2239 1287 2298 quid
1312 2239 1400 2283 tihi

211 2303 316 2348 vis?

1441 857 1449 876 ἃ
