1508 2671
248 190 317 246 92
754 168 931 225 Jufius

252 288 489 352 Theologi
515 288 588 333 illi
612 288 657 332 in
683 288 880 334 Satanae
908 284 1221 330 conciliabulo
1246 291 1429 329 statue-
1485 266 1489 268 Y

247 363 363 403 rznt.

757 475 932 505 JULIUS.

303 550 529 611 Indigna,
588 547 944 604 abominanda5
988 547 1182 609 refugit
1241 546 1432 591 animus

245 630 639 663 commemorare.

753 717 949 762 PETRUS.

306 794 526 850 Obsecro,
557 791 805 853 nefanda?

756 918 932 948 JULIUS.

301 994 511 1039 Prorsus
535 991 697 1053 impia,
719 991 978 1052 sacrilega,
993 989 1251 1051 plusquam
1277 988 1430 1034 heere-

246 1060 364 1116 tica,·
395 1059 563 1120 quibus
595 1058 688 1102 nisi
721 1056 937 1101 manibus
970 1064 1018 1101 et
1042 1055 1246 1117 pedibus
1282 1054 1429 1099 obsti-

246 1126 422 1182 tissem,
465 1125 560 1169 imo
600 1123 753 1168 armis
793 1122 987 1184 pariter
1028 1126 1174 1181 ‘atque
1218 1120 1426 1182 ingenio,

243 1200 404 1237 actum
450 1199 556 1236 erat
601 1191 658 1235 de
697 1189 937 1251 dignitate
987 1188 1244 1234 Ecclesicev
1285 1187 1433 1233 Chri-

243 1267 429 1304 stianoe.

741 1379 933 1412 PETRUS.

311 1456 465 1502 Tanto
489 1454 653 1517 magis
678 1462 902 1515 exspecto
927 1468 1032 1515 qua,²
1054 1453 1150 1499 sint
1176 1453 1282 1502 ista.

758 1609 932 1641 JULIUS.

300 1683 551 1728 Horresco
590 1682 809 1743 referens
847 1699 860 1725 .·
902 1681 951 1726 id
982 1682 1192 1743 agebant
1226 1681 1431 1739 scelesti,

242 1757 294 1793 ut
335 1748 608 1794 Ecclesiam
651 1756 718 1793 tot
754 1748 934 1809 opibus,
980 1763 1037 1794 ac
1078 1756 1212 1794 tanta
1256 1748 1434 1793 ditione

231 1815 512 1877 florentem,
539 1814 604 1859 ad
627 1822 810 1860 veteres
841 1814 952 1860 illas
988 1814 1168 1872 sordes,
1199 1829 1255 1860 ac
1282 1815 1431 1860 mise-

227 1879 350 1925 'ram
379 1880 739 1942 frugalitatem
776 1888 1081 1936 revocarent,·
1109 1889 1158 1926 ut
1192 1881 1432 1927 Cara'ina-

244 1946 325 2002 les,
357 1947 438 2006 qui
466 1960 588 1991 nunc
621 1946 733 1991 vitae
762 1947 968 2007 strepitu
1004 1946 1432 2007 quosvisantecel-

241 2013 342 2056 lunt
365 2020 614 2072 tyrannos,
633 2013 697 2056 ad
707 2020 1045 2073 paupertatem
1064 2012 1434 2074 redigerentur,-

241 2087 294 2123 ut
316 2078 549 2139 Episcopi
581 2078 732 2123 multo
765 2078 1055 2124 contractius
1085 2080 1310 2136 viverent,
1339 2079 1430 2123 mi-

242 2159 330 2189 nus
356 2145 633 2199 satellitum,
665 2144 823 2189 minus
851 2145 1037 2190 alerent
1067 2160 1320 2207 equorum3
1349 2145 1430 2190 de-

241 2218 503 2267 creverant,
529 2225 586 2255 ne
599 2210 787 2272 passim
813 2210 1102 2257 Cardinales
1126 2210 1433 2258 absorberent

241 2276 559 2338 episcopatus,
603 2275 836 2334 abbatias,
883 2277 1179 2335 sacerdotia‚·
1222 2293 1281 2324 ne
1326 2277 1432 2339 quis
