1508 2671
282 130 303 140 A

232 140 307 206 90
742 126 917 182 Julius
948 185 951 186 ⁷

742 294 918 325 JULIUS.

241 399 243 401 ·
293 370 408 418 Jam
443 368 622 416 videris
661 367 783 412 mihi
818 366 992 413 oblitus
1027 364 1153 427 quod
1187 364 1309 421 dixi,
1351 378 1427 409 me

238 437 359 482 nihil
382 435 519 481 aliud
543 449 694 497 agere
718 434 921 479 voluisse
945 432 1138 477 concilii
1157 439 1422 492 praetextu,

239 503 334 550 nisi
363 511 417 548 ut
450 502 637 548 clavum
676 500 809 546 clavo
835 499 1087 560 pellerem.
1113 498 1315 544 Primus
1349 497 1430 541 ille

240 576 493 616 conventus
517 574 822 628 consumptus
853 564 1122 610 solennibus
1147 563 1426 625 quibusdam

241 632 528 681 ceremoniis·
563 647 629 678 ex
664 631 952 693 antiquitate
987 630 1183 688 relictis,
1222 644 1338 690 quas
1374 629 1431 675 ob

242 700 580 761 antiquitatem
649 707 884 758 utcunque
939 697 1100 759 placet
1161 696 1425 753 ohservare,

244 765 439 813 etiamsi
484 764 603 811 nihil
652 764 716 810 ad
769 778 872 809 rem
927 762 1188 825 pertinent,
1235 771 1434 823 peracta

244 847 385 879 sacra
403 832 510 889 duo,
531 831 739 876 alterum
759 830 817 875 de
837 832 1016 876 Sancta
1036 830 1078 875 C
1081 844 1206 886 ruce,
1225 829 1433 874 alterum

246 901 305 945 de
342 902 520 947 Sancto
562 897 766 960 Spiritu,
809 905 1035 958 tanquam
1082 896 1223 955 hujus
1268 895 1434 958 afflatu

247 980 325 1012 res
360 973 621 1028 ageretur,·
658 962 829 1008 deinde
864 963 1067 1024 recitata
1102 962 1258 1007 oratio
1291 962 1437 1024 plena

249 1032 447 1078 laudum
468 1045 704 1077 mearum.
730 1029 973 1076 Proximo
997 1043 1229 1086 consessu,
1260 1038 1438 1090 quanta

248 1100 296 1145 νί
320 1097 461 1160 potui
494 1097 613 1142 torsi
642 1097 836 1158 fulmen
875 1095 920 1140 in
959 1095 1290 1141 schismaticos
1330 1095 1438 1142 illos

254 1163 560 1220 Cardinales,
605 1163 863 1225 plusquam
916 1161 1130 1223 impium,
1181 1161 1439 1222 plusquam

251 1231 565 1292 sacrilegum,
612 1229 871 1290 plusquam
915 1227 1191 1272 hoereticum
1224 1243 1442 1289 pronun-

254 1298 379 1343 tians
404 1295 630 1357 quicquid
659 1294 778 1339 illud
808 1302 931 1340 esset
963 1294 1087 1355 quod
1109 1302 1195 1338 aut
1207 1296 1318 1355 Jam
1344 1304 1442 1341 sta-

254 1364 471 1421 tuissent,
497 1370 584 1407 aut
607 1370 821 1407 statuere
845 1368 1095 1423 pararent.>
1142 1361 1309 1406 Tertio
1333 1376 1444 1407 con-

255 1445 388 1478 sessu
416 1429 582 1474 eodem
601 1428 817 1489 fulmine
843 1426 999 1472 terrui
1021 1426 1249 1485 Galliam,
1273 1428 1445 1473 nundi-

256 1497 331 1543 nis
351 1511 381 1541 a
401 1496 643 1557 Lugduno
670 1494 933 1550 translatis,
962 1502 1008 1538 et
1027 1493 1307 1554 quibusdam
1332 1495 1446 1540 Gal-

261 1564 341 1608 lice
357 1562 582 1624 partibus
604 1560 885 1606 nominatim
908 1560 1137 1633 exceptis,
1166 1575 1256 1620 quo
1285 1561 1447 1622 magis

258 1629 448 1675 alienar
450 1643 526 1673 em
549 1642 579 1672 a
602 1629 742 1688 Rege
759 1625 916 1688 plebis
939 1627 1138 1682 animos,
1166 1635 1213 1671 et
1235 1627 1446 1688 aliquam

261 1696 388 1754 inter
412 1695 537 1756 ipsos
556 1693 837 1754 seditionem
864 1691 1150 1737 excitarem.
1172 1695 1328 1754 Atque
1350 1694 1451 1739 hcec

260 1761 427 1808 statim
460 1769 581 1817 acta,
623 1775 713 1821 quo
741 1759 854 1821 plus
892 1749 1120 1824 haberent
1154 1760 1445 1817 autoritatis,

266 1828 408 1874 bullis
447 1826 662 1889 prodita,
713 1826 776 1870 ad
827 1839 987 1870 omnes
1031 1820 1146 1870 misi
1187 1826 1446 1889 principes,

259 1894 539 1957 praesertim
564 1893 627 1937 ad
654 1893 753 1949 hos,
781 1906 896 1952 quos
920 1891 1136 1937 videbam
1163 1907 1209 1937 m
1238 1900 1450 1938 nostram

257 1960 530 2023 factionem
557 1973 657 2005 esse
675 1957 1027 2021 propensiores.
