1508 2671
303 182 405 219 110
802 162 976 218 Jufius

797 323 971 354 JULIUS.

349 403 591 465 Magnum
618 416 731 448 vero
756 401 805 447 id
827 402 1030 456 videtur,
1059 403 1104 450 si
1132 403 1344 450 omnium
1377 421 1476 450 me-

292 477 450 515 tamus
477 468 711 526 carnalia,
737 483 845 514 cum
882 469 1099 516 omnibus
1134 478 1300 516 nostra
1329 472 1478 532 spiri-

293 536 445 582 tualia
469 536 800 581 seminemus?

790 661 972 693 PETRUS
979 683 989 692 .

353 741 474 798 Quae
495 755 668 787 narras
691 741 1009 803 spiritualia?
1046 756 1158 788 nam
1195 743 1347 789 adhuc
1377 743 1478 804 qui—

291 809 399 853 dem
425 816 608 869 praeter
641 808 884 854 mundana
917 808 1061 853 audio
1088 809 1208 854 nihil
1230 826 1243 854 .·
1259 810 1481 871 sortasse

292 874 514 920 doctrina
533 887 677 922 sacra
702 874 856 921 trahis
881 875 946 921 ad
969 874 1260 922 Christum?

801 1066 978 1099 JULIUS.

350 1141 475 1186 Sunt
509 1140 591 1201 qui
633 1139 969 1185 concionentur
1006 1139 1050 1184 si
1079 1139 1236 1197 velint,
1289 1154 1372 1184 nec
1412 1140 1480 1185 eis

289 1205 611 1267 prohibemus,
646 1206 785 1251 modo
817 1220 875 1251 ne
907 1206 1023 1267 quid
1058 1206 1221 1251 dicant
1254 1206 1479 1252 adversus

293 1274 600 1333 maJestatem
626 1280 859 1319 nostram.

795 1397 991 1431 PETRUS.

355 1471 486 1529 Quid
511 1471 668 1534 igitur
685 1473 713 1517 t>

791 1596 962 1627 JULIUS.

354 1677 484 1734 Quid
508 1678 707 1739 igitur?
736 1677 841 1723 Cur
866 1676 1065 1737 regibus
1090 1676 1234 1722 datur
1257 1676 1480 1738 quicquid

292 1743 567 1806 exegerint,
600 1743 696 1789 nisi
727 1743 840 1804 quia
876 1743 949 1788 his
976 1750 1220 1804 acceptum
1259 1743 1481 1803 referunt

293 1810 513 1871 quicquid
520 1809 784 1871 possident,
812 1809 1005 1854 etiamsi
1025 1809 1144 1853 nihil
1159 1809 1479 1870 acceperunt?

290 1878 370 1922 Ita
401 1876 629 1937 quicquid
651 1885 724 1921 est
754 1876 883 1922 sacri
912 1890 1135 1937 unquam,
1162 1876 1295 1921 nobis
1321 1876 1478 1936 impu-

292 1943 491 1988 tandum
516 1951 601 2001 est,
632 1943 827 1988 etiamsi
851 1950 999 1987 totam
1028 1950 1286 1988 stertamus
1308 1942 1475 1988 vitam.

295 2009 581 2068 Quanquam
609 2017 797 2070 praeter
827 2009 921 2054 ista
946 2009 1228 2071 largissime
1247 2008 1479 2053 donamus

287 2075 617 2135 indulgentias
647 2076 838 2138 exigua
868 2075 1135 2136 pecuniola,
1164 2075 1478 2136 dispensatio-

291 2157 399 2187 nem
450 2143 496 2187 in
546 2142 688 2189 rebus
740 2142 1051 2204 gravissimis
1108 2157 1197 2187 non
1255 2142 1478 2187 maxima

289 2222 480 2254 summa
488 2227 506 2266 ‚·
525 2209 715 2269 passim
732 2208 951 2256 omnibus
969 2208 1118 2257 obviis
1143 2208 1472 2266 benedicimus,

288 2273 433 2335 idque
455 2275 632 2338 gratis.
