1508 2671
280 189 344 224 10
772 172 951 226 Julius

268 300 409 346 quam
433 300 515 331 nec
540 287 771 334 barbarus
794 301 1001 347 unquam
1039 295 1273 347 tyrannus
1308 301 1452 334 ausus

268 360 339 397 est
360 354 593 413 gestare?
617 354 789 398 nedum
822 354 862 399 is
887 354 967 414 qui
999 353 1089 398 hac
1119 353 1312 398 admitti
1339 368 1451 414 pos-

270 418 402 463 tulet.
444 420 578 464 Nam
604 420 743 481 palla
787 420 881 465 ista
916 420 1035 464 nihil
1069 434 1145 464 me
1177 428 1343 478 movet,
1373 421 1454 481 qui

265 499 486 546 gemmas
507 494 553 530 et
576 501 764 543 aarum,
782 486 985 546 perinde
1000 494 1051 530 ut
1068 486 1245 530 rudera
1265 501 1453 547 semper

266 551 549 596 calcaverim
570 561 711 612 atque
734 552 1112 613 contempserim,
1138 552 1237 597 Sed
1252 553 1364 613 quid
1380 561 1452 598 est

266 617 392 663 hoc.9
422 618 567 664 Video
587 619 772 679 passim
798 627 843 663 et
867 619 912 663 in
941 619 1077 675 clavi,
1109 627 1154 662 et
1178 619 1222 662 in
1255 633 1444 675 corona,

265 691 312 727 et
337 684 382 728 in
405 684 540 744 palla
569 693 704 730 notas
742 685 1105 730 sceleratissimi
1139 685 1363 745 cauponis
1402 694 1451 730 et

266 750 553 811 impostoris,
585 752 680 795 mei
703 751 890 812 quidem
905 751 1228 812 praenominis,
1250 751 1334 795 sed
1358 766 1448 796 non

267 816 486 873 instituti,
505 817 727 876 Simonis,
743 833 879 879 quem
898 832 989 880 ego
1006 817 1242 878 quondam
1263 817 1450 863 Christi

259 883 490 944 praesidio
507 883 675 944 dejeci.
1459 885 1461 887 ’

767 1128 924 1158 JULIUS
933 1150 941 1158 .

320 1193 467 1237 Mitte
504 1207 659 1255 nugas
701 1194 830 1249 istas,
869 1194 913 1238 si
950 1193 1100 1254 sapis,·
1137 1206 1247 1237 nam
1270 1206 1376 1253 ego,
1405 1193 1449 1237 si

263 1260 427 1317 nescis,
448 1274 553 1305 sum
574 1260 735 1305 Julius
761 1260 842 1304 ille
857 1260 1032 1320 Ligur,
1064 1267 1109 1304 et
1132 1260 1368 1321 agnoscis,
1399 1259 1449 1303 ni

253 1325 427 1386 fallor,
454 1326 574 1372 duas
600 1327 789 1372 litteras
811 1327 870 1372 P.
898 1327 973 1372 M.
1000 1325 1095 1372 nisi
1118 1326 1306 1371 omnino
1330 1325 1450 1371 litte-

264 1406 346 1438 ras
367 1392 522 1437 nullas
547 1392 769 1437 didicisti.

754 1576 954 1607 PETRUS.

319 1643 619 1705 Significant,
646 1642 827 1704 opinor,
858 1659 876 1685 «
893 1642 1083 1688 Pestem
1099 1642 1382 1687 Maximam
1401 1659 1443 1688 ›>.

761 1782 939 1813 GENmS.

317 1850 421 1908 Ha,
449 1850 524 1907 lia,
554 1849 628 1908 lia,
660 1857 712 1894 ut
735 1849 809 1894 hic
833 1848 1069 1894 divinator
1091 1863 1193 1893 rem
1218 1862 1306 1894 acu
1332 1850 1442 1894 teti—

260 1916 365 1976 git!

771 2033 945 2064 JULIUS.

324 2101 425 2145 Imo
449 2116 473 2143 ((
488 2099 769 2162 Pontificem
793 2098 1079 2144 *Maximum
1111 2116 1150 2143 ».

760 2217 954 2247 PETRUS.

325 2284 390 2330 Ut
415 2292 487 2330 ter
508 2284 756 2330 maximus
772 2283 855 2341 sis,
875 2298 932 2329 ac
950 2283 1113 2346 magis
1133 2283 1280 2329 etiam
1301 2297 1444 2344 quam
