1508 2671
292 139 364 193 56
799 138 973 194 Julius

290 256 402 300 dum
433 270 525 316 pro
561 255 903 300 delectamento
943 255 1190 314 habebant,
1229 255 1349 300 nihil
1384 269 1473 300 non

290 322 606 368 convitiorum
635 322 680 366 in
707 336 783 366 me
796 321 1053 381 jacienteS.

788 446 986 477 PETRUS.

360 521 604 576 Verorum,
631 534 691 564 an
707 520 999 581 falsorum?

797 645 972 676 JULIUS.

352 726 480 782 Quid
507 727 705 787 refert?
729 726 1058 788 Sacrilegium
1085 734 1156 771 est
1179 727 1236 771 de
1255 728 1475 772 Romano

288 793 522 855 Pontifice
539 793 613 838 vel
634 794 825 849 mutire,
849 793 942 838 nisi
963 794 1008 837 in
1032 792 1238 839 laudem.
1256 794 1476 852 Denique

289 859 561 904 sacerdotia
584 873 667 904 suo
692 860 1002 920 conferebant
1031 859 1287 915 arbitratu,
1318 859 1475 904 nullas

292 925 399 970 lites
423 925 512 970 huc
548 926 815 986 transferri
840 925 1161 988 patiebantur,
1189 925 1346 970 nullas
1363 927 1475 985 jam

289 991 629 1037 mercabantur
677 992 1078 1053 dispensationes.
1130 991 1259 1047 Quid
1311 991 1475 1036 multis

290 1072 406 1118 opus
429 1066 500 1103 est
515 1059 543 1102 ,9
563 1058 866 1103 Intolerabili
879 1059 1082 1118 jactura
1106 1059 1378 1102 Romanam
1396 1072 1472 1103 se-

290 1123 397 1168 dem
440 1124 734 1186 affligebant,
765 1124 938 1185 quippe
980 1125 1060 1185 qui
1105 1139 1194 1168 non
1235 1124 1474 1185 exiguam

289 1190 482 1251 insuper
498 1191 786 1252 patrimonii
812 1192 882 1235 tui
894 1199 1091 1252 partem
1116 1198 1414 1251 occuparent.

791 1428 987 1460 PETRUS.

347 1509 453 1554 Mei
464 1508 787 1569 patrimonii?
803 1510 944 1565 Quod
956 1509 1149 1555 obsecro
1168 1509 1288 1554 mihi
1304 1522 1477 1554 narras

284 1575 666 1637 patrimonium,
706 1576 789 1637 qui
824 1577 1007 1622 relictis
1043 1576 1261 1622 omnibus
1301 1575 1478 1621 nudum

293 1643 545 1690 Christum
571 1642 725 1689 nudus
749 1656 855 1687 sum
881 1643 1105 1688 secutus?

792 1768 967 1799 JULIUS.

347 1848 546 1908 Aliquot
580 1848 770 1909 inquam
803 1848 978 1909 oppida
1009 1848 1113 1894 sedi
1134 1849 1369 1894 Romance
1394 1847 1475 1891 de-

292 1914 390 1959 hita
417 1931 428 1958 :
454 1915 524 1960 sic
559 1915 683 1959 enim
707 1914 1004 1975 peculiarem
1044 1915 1178 1959 illam
1211 1913 1476 1975 possessio-

290 1996 401 2026 num
439 1996 637 2026 suarum
667 1990 862 2043 partem
886 1981 1218 2028 Sanctissimis
1245 1979 1477 2028 Patribus

282 2047 469 2109 placuit
492 2047 756 2109 appellare.

782 2175 983 2206 PETRUS.

347 2255 467 2300 Mea
497 2255 689 2315 quidem
724 2255 932 2317 infamia
955 2255 1106 2317 probe
1130 2255 1303 2302 vestris
1331 2255 1477 2300 lucris
