1508 2671
283 182 295 217 1
313 163 389 233 64
783 161 960 216 Julius

273 280 320 325 in
348 287 394 325 te
413 293 555 326 veras
592 278 785 325 Christi
808 279 962 336 dotes,
1003 293 1174 341 nempe
1203 280 1316 326 vitae
1348 294 1462 327 san-

271 346 565 404 ctimoniam,
611 359 802 391 sacram
849 345 1131 403 doctrinam,
1175 346 1461 392 charitatem

274 413 588 476 flagrantem,
634 412 940 472 prophetiam
958 448 969 470 ,
1020 413 1237 471 virtutes,
1282 413 1371 458 hoc
1419 422 1463 459 te

272 480 434 540 magis
470 478 747 539 suspiceret,
796 493 886 539 quo
925 493 956 523 a
991 480 1160 524 mundi
1198 479 1463 525 commodis

273 545 570 607 intelligeret
593 544 911 590 mundiorem.
940 545 1010 590 Et
1036 545 1320 592 Christiana
1338 547 1462 592 Res-

266 611 462 672 publica
491 611 636 656 latius
658 611 885 672 floreret,
928 611 973 657 si
1008 611 1222 672 puritate
1256 612 1379 668 vitoe,
1420 612 1465 658 si

270 685 540 738 contemptu
564 677 877 738 voluptatum,
919 677 1216 734 divitiarum,
1249 677 1456 739 imperii,

269 744 455 800 mortis,
501 743 773 789 Gentilibus
809 753 932 790 esset
976 743 1282 792 admiranda.
1316 746 1463 790 Nunc

267 826 358 855 non
379 810 536 855 solum
562 818 809 856 contracta
832 819 903 856 est
925 810 972 856 in
996 819 1269 872 angustum,
1295 826 1460 857 verum

267 877 413 922 etiam
438 876 482 922 si
506 876 788 937 diligentius
824 878 1058 933 excutias,
1089 877 1346 939 plerosque
1377 893 1459 923 no-

267 944 396 989 mine
420 943 684 989 dumtaxat
710 943 916 990 invenies
941 944 1262 990 Christianos.
1286 945 1460 1001 Quaeso

271 1017 330 1066 te,
362 1023 453 1054 non
480 1009 739 1071 reputabas
766 1017 936 1067 tecum,
963 1025 1072 1055 cum
1094 1024 1220 1055 esses
1243 1025 1462 1057 summus

266 1075 505 1122 Ecclesice
531 1084 718 1137 pastor,
765 1076 932 1136 quibus
981 1076 1139 1123 modis
1188 1085 1303 1122 nata
1337 1085 1463 1123 esset

265 1142 510 1197 Ecclesia,
537 1142 706 1203 quibus
729 1151 885 1199 aucta,
917 1143 1087 1204 quibus
1119 1143 1461 1188 constabilita?

265 1209 406 1254 Num
435 1208 585 1266 bellis,
615 1223 729 1253 num
755 1209 938 1270 opibus,
984 1224 1097 1254 num
1134 1209 1315 1271 equis?
1352 1200 1460 1255 Iino

258 1275 526 1337 pati'entza,
579 1275 816 1338 sanguine
862 1284 1144 1337 martyrum
1189 1284 1236 1321 et
1277 1284 1454 1333 nostro,

266 1341 555 1399 carceribus,
571 1342 778 1404 flagris.
817 1343 889 1387 Tu
916 1343 1188 1388 Ecclesiam
1214 1342 1335 1389 dicis
1370 1357 1458 1387 au-

265 1416 406 1465 ctam,
436 1423 542 1454 cum
564 1409 774 1454 humana
800 1409 978 1455 ditione
999 1410 1188 1455 onerati
1200 1410 1458 1455 suntillius

265 1475 496 1520 ministri.
527 1475 765 1522 Ornatam
786 1490 939 1534 vocas,
967 1491 1073 1521 cum
1102 1475 1270 1522 mundi
1292 1491 1456 1522 mune-

264 1542 399 1588 ribus
431 1556 488 1587 ac
512 1541 694 1588 delitiis
732 1542 1024 1602 inquinatur.
1060 1544 1329 1605 Desensam
1368 1557 1457 1604 ap-

256 1608 430 1670 pellas,
460 1623 676 1670 cumpro
701 1608 1004 1655 sacerdotum
1026 1610 1218 1671 peculio
1255 1611 1458 1656 mundus

263 1675 512 1721 universus
539 1675 675 1721 bellis
688 1675 1116 1737 perniciosissimis
1134 1677 1450 1738 conflictatur.

262 1742 313 1786 F
312 1741 542 1787 lorentem
587 1741 719 1799 dicis,
764 1756 872 1787 cum
922 1742 1088 1787 mundi
1133 1743 1455 1804 voluptatibus

264 1807 397 1852 ebria
423 1816 505 1854 est.
545 1809 896 1870 Tranquillam,
923 1823 1029 1854 cum
1068 1809 1257 1854 nemine
1295 1809 1453 1855 recla-

262 1883 442 1931 mante,
471 1875 669 1932 divitiis,
702 1876 797 1920 imo
816 1876 948 1922 vitiis
962 1876 1172 1936 fruitur.
1199 1875 1356 1937 Atque
1378 1877 1454 1922 his

264 1940 525 1988 bracteatis
550 1943 702 1988 titulis
727 1942 1036 2004 Principibus
1065 1943 1347 2004 imposuisti,
1373 1943 1454 2003 qui

264 2015 308 2052 te
321 2017 624 2070 praeceptore
648 2009 786 2066 docti,
810 2023 993 2070 magna
1008 2023 1095 2054 sua
1118 2009 1372 2054 latrocinia
1397 2023 1453 2054 ac

251 2074 476 2134 furiosos
505 2075 768 2136 conflictus,
803 2092 825 2118 α
854 2076 1044 2122 Christi
1072 2075 1395 2137 defensionem
1425 2092 1448 2120 ›)

260 2148 443 2187 vocant.
