1508 2671
305 160 406 196 122
807 141 981 196 Jufius

295 257 508 305 vicissim
540 271 624 303 nos
657 274 676 301 «
706 257 1238 303 Sanctissimos'Patres
1262 275 1287 302 >2
1315 258 1360 303 in
1384 259 1482 304 suis

299 325 456 371 literis
480 332 661 382 vocant,
685 332 734 369 et
753 324 1006 385 aliquoties
1032 324 1096 369 ad
1127 325 1290 370 oscula
1308 325 1484 385 pedum

296 405 348 436 se
384 391 695 447 submittunt;
733 399 779 435 et
812 391 894 435 ubi
933 405 1022 435 non
1061 391 1266 436 multum
1304 390 1486 453 negotii

297 458 518 515 vertitur,
556 457 728 503 cedunt
758 472 1092 517 nonnunquam
1123 457 1378 503 autoritati
1404 472 1486 502 no·-

298 532 427 582 strae,
446 538 537 584 quo
552 523 647 569 sibi
656 523 860 585 pietatis
881 523 1149 585 opinionem
1170 524 1297 585 apud
1314 524 1487 585 vulgus

294 598 485 652 parent.
505 591 614 636 Nos
636 590 734 635 illis
752 604 887 637 rosas
909 590 1148 635 mittimus
1170 599 1482 647 consecratas,

302 657 471 715 tiaras,
493 656 701 719 gladios,
730 665 775 701 et
797 657 990 702 illorum
1016 656 1306 717 dignitatem
1329 657 1489 702 maxi-

302 722 392 767 mis
425 722 567 769 bullis
602 723 977 785 confirmamus;
1018 723 1093 768 illi
1131 723 1337 769 vicissim
1375 724 1486 768 mit-

304 798 407 834 tunt
441 804 596 850 equos,
633 790 830 847 milites,
860 789 1128 850 pecuniam,
1160 805 1488 851 nonnunquam

295 870 489 917 pueros,
520 865 663 918 atque
689 857 756 902 ita
781 865 997 902 mutuum
1022 856 1166 916 (quod
1191 857 1345 916 aiunt)
1371 855 1490 902 muli

302 922 517 969 scabunt.

806 1362 1000 1393 PETRUS.

366 1419 422 1466 Si
447 1420 566 1465 tales
589 1428 711 1477 sunt,
742 1420 945 1466 nondum
973 1420 1207 1481 intelligo,
1237 1435 1327 1482 quo
1345 1430 1490 1483 pacto

301 1486 522 1548 potueris
544 1501 759 1533 summos
786 1501 929 1548 reges
953 1487 1017 1532 ad
1039 1488 1335 1550 gravissima
1369 1487 1493 1534 bella

311 1553 562 1611 concitare,
585 1553 861 1614 praesertim
884 1554 1039 1614 ruptis
1062 1562 1129 1599 tot
1141 1553 1428 1615 foederibus.

816 1732 989 1762 JULIUS.

370 1790 518 1851 Atqui
537 1790 581 1836 si
601 1805 721 1836 nunc
744 1791 935 1852 assequi
947 1790 1102 1852 possis
1127 1805 1182 1835 ea
1199 1806 1302 1852 quae
1319 1791 1488 1848 dicam,

314 1857 559 1919 intelliges
581 1857 828 1919 ingenium
852 1858 960 1919 plus
979 1872 1122 1917 quam
1147 1857 1491 1919 Apostolicum.

813 2035 1003 2066 PETRUS.

372 2094 584 2140 Adnitar
608 2094 826 2155 equidem
850 2094 1007 2154 quoad
1020 2102 1208 2155 potero.

824 2198 998 2229 JULIUS.

374 2257 506 2304 Illud
537 2257 776 2320 imprimis
812 2257 932 2303 mihi
964 2256 1121 2303 studio
1135 2256 1257 2317 fuit7
1286 2255 1495 2301 omnium
