<?xml version="1.0" encoding="UTF-8"?>
<!DOCTYPE html PUBLIC "-//W3C//DTD XHTML 1.0 Transitional//EN"
    "http://www.w3.org/TR/xhtml1/DTD/xhtml1-transitional.dtd">
<html xmlns="http://www.w3.org/1999/xhtml" xml:lang="en" lang="en">
 <head>
  <title>
</title>
<meta http-equiv="Content-Type" content="text/html;charset=utf-8" />
  <meta name='ocr-system' content='tesseract 3.04.00' />
  <meta name='ocr-capabilities' content='ocr_page ocr_carea ocr_par ocr_line ocrx_word'/>
</head>
<body>
  <div class='ocr_page' id='page_1' title='image "./juliusdialogueen00eras_0098.png"; bbox 0 0 1508 2671; ppageno 0'>
   <div class='ocr_carea' id='block_1_1' title="bbox 234 165 913 239">
    <p class='ocr_par' dir='ltr' id='par_1_1' title="bbox 234 165 913 239">
     <span class='ocr_line' id='line_1_1' title="bbox 234 165 913 239; baseline -0.003 -18"><span class='ocrx_word' id='word_1_1' title='bbox 234 167 304 239; x_wconf 79' lang='lat'><em>78</em></span> <span class='ocrx_word' id='word_1_2' title='bbox 735 165 913 221; x_wconf 87' lang='lat' dir='ltr'>Julius</span> 
     </span>
    </p>
   </div>
   <div class='ocr_carea' id='block_1_2' title="bbox 217 282 1452 1208">
    <p class='ocr_par' dir='ltr' id='par_1_2' title="bbox 217 282 1452 1208">
     <span class='ocr_line' id='line_1_2' title="bbox 231 282 1417 344; baseline 0.003 -17"><span class='ocrx_word' id='word_1_3' title='bbox 231 291 330 328; x_wconf 89' lang='lat' dir='ltr'><em>tam</em></span> <span class='ocrx_word' id='word_1_4' title='bbox 346 282 570 344; x_wconf 84' lang='lat' dir='ltr'><em>feliciter</em></span> <span class='ocrx_word' id='word_1_5' title='bbox 593 282 749 339; x_wconf 79' lang='lat' dir='ltr'><em>cessit,</em></span> <span class='ocrx_word' id='word_1_6' title='bbox 787 282 899 344; x_wconf 82' lang='lat' dir='ltr'><em>quin</em></span> <span class='ocrx_word' id='word_1_7' title='bbox 929 293 1145 333; x_wconf 88' lang='lat' dir='ltr'><em>summus</em></span> <span class='ocrx_word' id='word_1_8' title='bbox 1175 283 1257 329; x_wconf 86' lang='lat' dir='ltr'><em>ille</em></span> <span class='ocrx_word' id='word_1_9' title='bbox 1284 285 1417 331; x_wconf 90' lang='lat' dir='ltr'><em>Pon-</em></span> 
     </span>
     <span class='ocr_line' id='line_1_3' title="bbox 230 349 1418 411; baseline 0.003 -18"><span class='ocrx_word' id='word_1_10' title='bbox 230 349 363 410; x_wconf 71' lang='lat' dir='ltr'><em>tifex</em></span> <span class='ocrx_word' id='word_1_11' title='bbox 387 364 476 395; x_wconf 90' lang='lat' dir='ltr'><em>non</em></span> <span class='ocrx_word' id='word_1_12' title='bbox 501 349 715 410; x_wconf 79' lang='lat' dir='ltr'><em>aliquam</em></span> <span class='ocrx_word' id='word_1_13' title='bbox 742 349 1017 409; x_wconf 86' lang='lat' dir='ltr'><em>majestatis</em></span> <span class='ocrx_word' id='word_1_14' title='bbox 1044 364 1146 395; x_wconf 77' lang='lat' dir='ltr'><em>suce</em></span> <span class='ocrx_word' id='word_1_15' title='bbox 1166 351 1418 411; x_wconf 84' lang='lat' dir='ltr'><em>jacturam</em></span> 
     </span>
     <span class='ocr_line' id='line_1_4' title="bbox 228 415 1419 476; baseline 0.001 -15"><span class='ocrx_word' id='word_1_16' title='bbox 228 416 446 473; x_wconf 77' lang='lat' dir='ltr'><em>senserit,</em></span> <span class='ocrx_word' id='word_1_17' title='bbox 477 416 727 476; x_wconf 80' lang='lat' dir='ltr'><em>minusque</em></span> <span class='ocrx_word' id='word_1_18' title='bbox 748 429 965 460; x_wconf 89' lang='lat' dir='ltr'><em>summus</em></span> <span class='ocrx_word' id='word_1_19' title='bbox 994 415 1281 462; x_wconf 83' lang='lat' dir='ltr'><em>discesserit.</em></span> <span class='ocrx_word' id='word_1_20' title='bbox 1317 418 1419 471; x_wconf 88' lang='lat' dir='ltr'><em>Cu-</em></span> 
     </span>
     <span class='ocr_line' id='line_1_5' title="bbox 217 482 1421 545; baseline 0.002 -18"><span class='ocrx_word' id='word_1_21' title='bbox 217 483 306 543; x_wconf 91' lang='lat' dir='ltr'><em>jus</em></span> <span class='ocrx_word' id='word_1_22' title='bbox 331 482 405 527; x_wconf 89' lang='lat' dir='ltr'><em>rei</em></span> <span class='ocrx_word' id='word_1_23' title='bbox 427 482 503 528; x_wconf 80' lang='lat' dir='ltr'><em>vel</em></span> <span class='ocrx_word' id='word_1_24' title='bbox 528 483 629 544; x_wconf 82' lang='lat' dir='ltr'><em>ipse</em></span> <span class='ocrx_word' id='word_1_25' title='bbox 655 482 790 527; x_wconf 89' lang='lat' dir='ltr'><em>testis</em></span> <span class='ocrx_word' id='word_1_26' title='bbox 815 495 915 527; x_wconf 89' lang='lat' dir='ltr'><em>esse</em></span> <span class='ocrx_word' id='word_1_27' title='bbox 933 490 1085 543; x_wconf 86' lang='lat' dir='ltr'><em>potes,</em></span> <span class='ocrx_word' id='word_1_28' title='bbox 1107 484 1202 529; x_wconf 86' lang='lat' dir='ltr'><em>nisi</em></span> <span class='ocrx_word' id='word_1_29' title='bbox 1214 487 1421 545; x_wconf 80' lang='lat' dir='ltr'><em>prorsus</em></span> 
     </span>
     <span class='ocr_line' id='line_1_6' title="bbox 229 549 1421 610; baseline 0.001 -16"><span class='ocrx_word' id='word_1_30' title='bbox 229 549 428 594; x_wconf 81' lang='lat' dir='ltr'><em>excidit.</em></span> <span class='ocrx_word' id='word_1_31' title='bbox 454 549 591 594; x_wconf 91' lang='lat' dir='ltr'><em>Nam</em></span> <span class='ocrx_word' id='word_1_32' title='bbox 612 556 1023 610; x_wconf 79' lang='lat' dir='ltr'><em>quantumcunque</em></span> <span class='ocrx_word' id='word_1_33' title='bbox 1043 549 1233 609; x_wconf 81' lang='lat' dir='ltr'><em>quidem</em></span> <span class='ocrx_word' id='word_1_34' title='bbox 1260 550 1319 594; x_wconf 88' lang='lat' dir='ltr'><em>de</em></span> <span class='ocrx_word' id='word_1_35' title='bbox 1343 565 1421 595; x_wconf 88' lang='lat' dir='ltr'><em>re-</em></span> 
     </span>
     <span class='ocr_line' id='line_1_7' title="bbox 230 614 1424 678; baseline 0.002 -18"><span class='ocrx_word' id='word_1_36' title='bbox 230 616 314 660; x_wconf 85' lang='lat' dir='ltr'><em>bus</em></span> <span class='ocrx_word' id='word_1_37' title='bbox 348 616 589 678; x_wconf 78' lang='lat' dir='ltr'><em>agebatur</em></span> <span class='ocrx_word' id='word_1_38' title='bbox 620 614 848 672; x_wconf 79' lang='lat' dir='ltr'><em>leviculis,</em></span> <span class='ocrx_word' id='word_1_39' title='bbox 884 630 975 660; x_wconf 90' lang='lat' dir='ltr'><em>non</em></span> <span class='ocrx_word' id='word_1_40' title='bbox 1019 615 1078 660; x_wconf 89' lang='lat' dir='ltr'><em>de</em></span> <span class='ocrx_word' id='word_1_41' title='bbox 1119 616 1338 678; x_wconf 83' lang='lat' dir='ltr'><em>imperiis</em></span> <span class='ocrx_word' id='word_1_42' title='bbox 1377 626 1424 662; x_wconf 87' lang='lat' dir='ltr'><em>et</em></span> 
     </span>
     <span class='ocr_line' id='line_1_8' title="bbox 227 680 1422 744; baseline 0.001 -18"><span class='ocrx_word' id='word_1_43' title='bbox 227 681 383 744; x_wconf 77' lang='lat' dir='ltr'><em>regiis</em></span> <span class='ocrx_word' id='word_1_44' title='bbox 422 680 661 739; x_wconf 86' lang='lat' dir='ltr'><em>censibus,</em></span> <span class='ocrx_word' id='word_1_45' title='bbox 711 689 868 726; x_wconf 88' lang='lat' dir='ltr'><em>tamen</em></span> <span class='ocrx_word' id='word_1_46' title='bbox 910 681 1120 727; x_wconf 86' lang='lat' dir='ltr'><em>Jacobus</em></span> <span class='ocrx_word' id='word_1_47' title='bbox 1164 696 1308 729; x_wconf 93' lang='lat' dir='ltr'><em>ausus</em></span> <span class='ocrx_word' id='word_1_48' title='bbox 1351 692 1422 728; x_wconf 89' lang='lat' dir='ltr'><em>est</em></span> 
     </span>
     <span class='ocr_line' id='line_1_9' title="bbox 228 747 1418 795; baseline 0.002 -2"><span class='ocrx_word' id='word_1_49' title='bbox 228 756 322 793; x_wconf 78' lang='lat' dir='ltr'><em>tuce</em></span> <span class='ocrx_word' id='word_1_50' title='bbox 343 747 551 793; x_wconf 90' lang='lat' dir='ltr'><em>orationi</em></span> <span class='ocrx_word' id='word_1_51' title='bbox 571 747 786 792; x_wconf 88' lang='lat' dir='ltr'><em>nonnihil</em></span> <span class='ocrx_word' id='word_1_52' title='bbox 810 747 868 792; x_wconf 91' lang='lat' dir='ltr'><em>de</em></span> <span class='ocrx_word' id='word_1_53' title='bbox 891 762 978 793; x_wconf 92' lang='lat' dir='ltr'><em>suo</em></span> <span class='ocrx_word' id='word_1_54' title='bbox 1001 748 1193 794; x_wconf 83' lang='lat' dir='ltr'><em>addere.</em></span> <span class='ocrx_word' id='word_1_55' title='bbox 1218 750 1418 795; x_wconf 86' lang='lat' dir='ltr'><em>Etenim</em></span> 
     </span>
     <span class='ocr_line' id='line_1_10' title="bbox 225 813 1419 877; baseline 0.002 -18"><span class='ocrx_word' id='word_1_56' title='bbox 225 829 332 860; x_wconf 94' lang='lat' dir='ltr'><em>cum</em></span> <span class='ocrx_word' id='word_1_57' title='bbox 382 823 431 859; x_wconf 85' lang='lat' dir='ltr'><em>tu</em></span> <span class='ocrx_word' id='word_1_58' title='bbox 477 813 694 859; x_wconf 89' lang='lat' dir='ltr'><em>Gentiles</em></span> <span class='ocrx_word' id='word_1_59' title='bbox 740 828 883 866; x_wconf 88' lang='lat' dir='ltr'><em>onere</em></span> <span class='ocrx_word' id='word_1_60' title='bbox 920 814 1157 860; x_wconf 81' lang='lat' dir='ltr'><em>Mosaicae</em></span> <span class='ocrx_word' id='word_1_61' title='bbox 1198 815 1324 877; x_wconf 83' lang='lat' dir='ltr'><em>legis</em></span> <span class='ocrx_word' id='word_1_62' title='bbox 1372 816 1419 861; x_wconf 86' lang='lat' dir='ltr'><em>in</em></span> 
     </span>
     <span class='ocr_line' id='line_1_11' title="bbox 227 879 1418 942; baseline 0.003 -18"><span class='ocrx_word' id='word_1_63' title='bbox 227 889 376 925; x_wconf 87' lang='lat' dir='ltr'><em>totum</em></span> <span class='ocrx_word' id='word_1_64' title='bbox 407 879 654 937; x_wconf 84' lang='lat' dir='ltr'><em>liberares,</em></span> <span class='ocrx_word' id='word_1_65' title='bbox 687 880 896 927; x_wconf 86' lang='lat' dir='ltr'><em>Jacobus</em></span> <span class='ocrx_word' id='word_1_66' title='bbox 921 881 1176 935; x_wconf 87' lang='lat' dir='ltr'><em>succedens</em></span> <span class='ocrx_word' id='word_1_67' title='bbox 1189 881 1418 942; x_wconf 84' lang='lat' dir='ltr'><em>fornica-</em></span> 
     </span>
     <span class='ocr_line' id='line_1_12' title="bbox 228 946 1452 1009; baseline 0.002 -18"><span class='ocrx_word' id='word_1_68' title='bbox 228 947 403 992; x_wconf 85' lang='lat' dir='ltr'><em>tionem</em></span> <span class='ocrx_word' id='word_1_69' title='bbox 418 946 621 1008; x_wconf 83' lang='lat' dir='ltr'><em>excepit,</em></span> <span class='ocrx_word' id='word_1_70' title='bbox 640 954 688 991; x_wconf 89' lang='lat' dir='ltr'><em>et</em></span> <span class='ocrx_word' id='word_1_71' title='bbox 698 947 1001 1009; x_wconf 78' lang='lat' dir='ltr'><em>sanguinem,</em></span> <span class='ocrx_word' id='word_1_72' title='bbox 1017 955 1063 992; x_wconf 92' lang='lat' dir='ltr'><em>et</em></span> <span class='ocrx_word' id='word_1_73' title='bbox 1074 947 1413 1008; x_wconf 76' lang='lat' dir='ltr'><em>idolothytum,</em></span> <span class='ocrx_word' id='word_1_74' title='bbox 1450 997 1452 999; x_wconf 64' lang='lat'>‚</span> 
     </span>
     <span class='ocr_line' id='line_1_13' title="bbox 224 1013 1419 1075; baseline -0.001 -14"><span class='ocrx_word' id='word_1_75' title='bbox 224 1013 374 1061; x_wconf 69' lang='lat' dir='ltr'><em>veluti</em></span> <span class='ocrx_word' id='word_1_76' title='bbox 406 1014 659 1075; x_wconf 81' lang='lat' dir='ltr'><em>corrigens</em></span> <span class='ocrx_word' id='word_1_77' title='bbox 692 1021 824 1059; x_wconf 87' lang='lat' dir='ltr'><em>tuam</em></span> <span class='ocrx_word' id='word_1_78' title='bbox 861 1014 1159 1071; x_wconf 83' lang='lat' dir='ltr'><em>sententiam,</em></span> <span class='ocrx_word' id='word_1_79' title='bbox 1194 1023 1248 1059; x_wconf 90' lang='lat' dir='ltr'><em>ut</em></span> <span class='ocrx_word' id='word_1_80' title='bbox 1278 1014 1419 1060; x_wconf 85' lang='lat' dir='ltr'><em>hodie</em></span> 
     </span>
     <span class='ocr_line' id='line_1_14' title="bbox 226 1080 1419 1141; baseline 0.002 -17"><span class='ocrx_word' id='word_1_81' title='bbox 226 1080 335 1138; x_wconf 87' lang='lat' dir='ltr'><em>sint,</em></span> <span class='ocrx_word' id='word_1_82' title='bbox 362 1080 444 1141; x_wconf 83' lang='lat' dir='ltr'><em>qui</em></span> <span class='ocrx_word' id='word_1_83' title='bbox 463 1080 552 1125; x_wconf 87' lang='lat' dir='ltr'><em>hac</em></span> <span class='ocrx_word' id='word_1_84' title='bbox 575 1095 630 1125; x_wconf 89' lang='lat' dir='ltr'><em>re</em></span> <span class='ocrx_word' id='word_1_85' title='bbox 649 1080 877 1125; x_wconf 91' lang='lat' dir='ltr'><em>commoti</em></span> <span class='ocrx_word' id='word_1_86' title='bbox 900 1095 990 1125; x_wconf 91' lang='lat' dir='ltr'><em>non</em></span> <span class='ocrx_word' id='word_1_87' title='bbox 1014 1080 1114 1139; x_wconf 87' lang='lat' dir='ltr'><em>tibi,</em></span> <span class='ocrx_word' id='word_1_88' title='bbox 1136 1080 1221 1125; x_wconf 90' lang='lat' dir='ltr'><em>sed</em></span> <span class='ocrx_word' id='word_1_89' title='bbox 1239 1080 1419 1126; x_wconf 85' lang='lat' dir='ltr'><em>Jacoho</em></span> 
     </span>
     <span class='ocr_line' id='line_1_15' title="bbox 220 1146 1411 1208; baseline 0.002 -17"><span class='ocrx_word' id='word_1_90' title='bbox 220 1154 390 1207; x_wconf 81' lang='lat' dir='ltr'><em>putent</em></span> <span class='ocrx_word' id='word_1_91' title='bbox 406 1147 570 1208; x_wconf 87' lang='lat' dir='ltr'><em>fuisse</em></span> <span class='ocrx_word' id='word_1_92' title='bbox 599 1146 780 1193; x_wconf 90' lang='lat' dir='ltr'><em>summi</em></span> <span class='ocrx_word' id='word_1_93' title='bbox 805 1146 1051 1208; x_wconf 74' lang='lat' dir='ltr'><em>pontificis</em></span> <span class='ocrx_word' id='word_1_94' title='bbox 1085 1147 1411 1193; x_wconf 86' lang='lat' dir='ltr'><em>autoritatem.</em></span> 
     </span>
    </p>
   </div>
   <div class='ocr_carea' id='block_1_3' title="bbox 729 1672 982 1709">
    <p class='ocr_par' dir='ltr' id='par_1_3' title="bbox 729 1672 982 1709">
     <span class='ocr_line' id='line_1_16' title="bbox 729 1672 982 1709; baseline 0.004 -6"><span class='ocrx_word' id='word_1_95' title='bbox 729 1672 925 1704; x_wconf 77' lang='lat' dir='ltr'>PETRUS.</span> <span class='ocrx_word' id='word_1_96' title='bbox 977 1707 982 1709; x_wconf 26' lang='grc' dir='ltr'><strong><em>Δ</em></strong></span> 
     </span>
    </p>
   </div>
   <div class='ocr_carea' id='block_1_4' title="bbox 222 1768 1413 1964">
    <p class='ocr_par' dir='ltr' id='par_1_4' title="bbox 222 1768 1413 1964">
     <span class='ocr_line' id='line_1_17' title="bbox 288 1768 1410 1831; baseline 0 -15"><span class='ocrx_word' id='word_1_97' title='bbox 288 1771 443 1816; x_wconf 89' lang='lat' dir='ltr'><em>Unum</em></span> <span class='ocrx_word' id='word_1_98' title='bbox 472 1769 631 1831; x_wconf 82' lang='lat' dir='ltr'><em>igitur</em></span> <span class='ocrx_word' id='word_1_99' title='bbox 656 1768 777 1814; x_wconf 91' lang='lat' dir='ltr'><em>illud</em></span> <span class='ocrx_word' id='word_1_100' title='bbox 800 1768 1112 1830; x_wconf 81' lang='lat' dir='ltr'><em>spectandum</em></span> <span class='ocrx_word' id='word_1_101' title='bbox 1138 1769 1410 1827; x_wconf 86' lang='lat' dir='ltr'><em>existimas,</em></span> 
     </span>
     <span class='ocr_line' id='line_1_18' title="bbox 223 1835 1409 1897; baseline 0 -16"><span class='ocrx_word' id='word_1_102' title='bbox 223 1844 277 1881; x_wconf 87' lang='lat' dir='ltr'><em>ut</em></span> <span class='ocrx_word' id='word_1_103' title='bbox 296 1837 432 1882; x_wconf 78' lang='lat' dir='ltr'><em>salva</em></span> <span class='ocrx_word' id='word_1_104' title='bbox 455 1837 520 1882; x_wconf 87' lang='lat' dir='ltr'><em>sit</em></span> <span class='ocrx_word' id='word_1_105' title='bbox 543 1836 687 1897; x_wconf 79' lang='lat' dir='ltr'><em>regia</em></span> <span class='ocrx_word' id='word_1_106' title='bbox 702 1835 882 1881; x_wconf 91' lang='lat' dir='ltr'><em>summi</em></span> <span class='ocrx_word' id='word_1_107' title='bbox 900 1835 1149 1897; x_wconf 84' lang='lat' dir='ltr'><em>Pontificis</em></span> <span class='ocrx_word' id='word_1_108' title='bbox 1166 1837 1409 1897; x_wconf 80' lang='lat' dir='ltr'><em>maJ&#39;estas,</em></span> 
     </span>
     <span class='ocr_line' id='line_1_19' title="bbox 222 1900 1413 1964; baseline -0.001 -16"><span class='ocrx_word' id='word_1_109' title='bbox 222 1918 279 1948; x_wconf 89' lang='lat' dir='ltr'><em>ac</em></span> <span class='ocrx_word' id='word_1_110' title='bbox 325 1918 414 1948; x_wconf 90' lang='lat' dir='ltr'><em>non</em></span> <span class='ocrx_word' id='word_1_111' title='bbox 462 1903 626 1964; x_wconf 78' lang='lat' dir='ltr'><em>magis</em></span> <span class='ocrx_word' id='word_1_112' title='bbox 664 1901 859 1964; x_wconf 82' lang='lat' dir='ltr'><em>publica</em></span> <span class='ocrx_word' id='word_1_113' title='bbox 902 1901 1087 1947; x_wconf 87' lang='lat' dir='ltr'><em>utilitas</em></span> <span class='ocrx_word' id='word_1_114' title='bbox 1135 1900 1215 1947; x_wconf 64' lang='lat' dir='ltr'><em>&#39;rei</em></span> <span class='ocrx_word' id='word_1_115' title='bbox 1267 1903 1413 1948; x_wconf 83' lang='lat' dir='ltr'><em>Chri-</em></span> 
     </span>
    </p>
   </div>
   <div class='ocr_carea' id='block_1_5' title="bbox 221 1969 431 2015">
    <p class='ocr_par' dir='ltr' id='par_1_5' title="bbox 221 1969 431 2015">
     <span class='ocr_line' id='line_1_20' title="bbox 221 1969 431 2015; baseline 0.005 -1"><span class='ocrx_word' id='word_1_116' title='bbox 221 1969 431 2015; x_wconf 79' lang='lat' dir='ltr'><em>stiance?</em></span> 
     </span>
    </p>
   </div>
   <div class='ocr_carea' id='block_1_6' title="bbox 733 2115 911 2147">
    <p class='ocr_par' dir='ltr' id='par_1_6' title="bbox 733 2115 911 2147">
     <span class='ocr_line' id='line_1_21' title="bbox 733 2115 911 2147; baseline 0 0"><span class='ocrx_word' id='word_1_117' title='bbox 733 2115 911 2147; x_wconf 87' lang='lat' dir='ltr'><strong>JULIUS.</strong></span> 
     </span>
    </p>
   </div>
   <div class='ocr_carea' id='block_1_7' title="bbox 221 2210 1411 2341">
    <p class='ocr_par' dir='ltr' id='par_1_7' title="bbox 221 2210 1411 2341">
     <span class='ocr_line' id='line_1_22' title="bbox 277 2210 1411 2273; baseline -0.004 -15"><span class='ocrx_word' id='word_1_118' title='bbox 277 2212 358 2258; x_wconf 91' lang='lat' dir='ltr'><em>Ad</em></span> <span class='ocrx_word' id='word_1_119' title='bbox 394 2225 532 2257; x_wconf 89' lang='lat' dir='ltr'><em>suum</em></span> <span class='ocrx_word' id='word_1_120' title='bbox 573 2211 772 2273; x_wconf 79' lang='lat' dir='ltr'><em>quisque</em></span> <span class='ocrx_word' id='word_1_121' title='bbox 805 2210 1289 2273; x_wconf 75' lang='lat' dir='ltr'><em>negotiumspectat,</em></span> <span class='ocrx_word' id='word_1_122' title='bbox 1328 2223 1411 2255; x_wconf 87' lang='lat' dir='ltr'><em>nos</em></span> 
     </span>
     <span class='ocr_line' id='line_1_23' title="bbox 221 2277 950 2341; baseline -0.003 -17"><span class='ocrx_word' id='word_1_123' title='bbox 221 2288 434 2325; x_wconf 89' lang='lat' dir='ltr'><em>nostrum</em></span> <span class='ocrx_word' id='word_1_124' title='bbox 462 2278 661 2341; x_wconf 83' lang='lat' dir='ltr'><em>agimus</em></span> <span class='ocrx_word' id='word_1_125' title='bbox 685 2277 950 2339; x_wconf 82' lang='lat' dir='ltr'><em>negotium.</em></span> 
     </span>
    </p>
   </div>
  </div>
 </body>
</html>
