1508 2671
304 152 405 205 128
799 146 976 201 Julius

293 267 445 324 nebat,
479 264 753 328 perpellere
784 277 874 308 non
906 261 1049 322 quivi,
1087 269 1132 305 et
1164 259 1371 306 sciebam
1409 258 1482 304 his

293 332 692 379 tumultuantibus
716 329 953 375 neminem
986 335 1269 373 caeterorum
1295 325 1482 387 quietu-

293 415 419 445 rum.
452 399 527 445 Hi
564 398 720 459 igitur
744 410 889 457 quum
919 409 1005 440 suo
1038 407 1222 439 morem
1256 400 1483 455 gererent

293 466 471 523 animo⁷
509 473 667 510 tamen
699 461 1085 508 honestissimum
1124 459 1315 504 titulum
1349 472 1480 504 acce-

292 540 467 595 perunt
489 545 519 576 a
546 530 694 587 nohis,
730 537 784 573 ut
807 542 896 588 quo
922 528 1158 588 majorem
1191 524 1377 570 cladem
1409 525 1481 569 in-

285 600 482 661 ferrent
513 596 692 659 populo
739 594 1035 651 Christiano,
1077 593 1162 638 hoc
1202 591 1484 653 religiosius

294 665 569 711 viderentur
592 662 866 709 Ecclesiam
888 660 985 706 Dei
1001 668 1277 722 protegere.

357 1534 514 1593 Atque
545 1531 618 1576 uti
644 1530 807 1593 magis
837 1526 1098 1573 admireris
1133 1525 1206 1571 vel
1239 1523 1485 1585 ingenium

298 1614 475 1656 meum,
496 1598 570 1645 vel
575 1596 884 1658 felicitatem,
905 1591 1288 1654 belligerabatur
1308 1590 1357 1635 id
1375 1597 1491 1635 tem-

294 1666 431 1727 poris
461 1663 721 1726 Hispaniae
745 1676 840 1708 rex
866 1675 973 1706 cum
1008 1659 1180 1705 Turcz's
1217 1655 1489 1702 incredibili

298 1746 462 1777 rerum
486 1744 717 1786 successu,
748 1728 1060 1787 maximoque
1091 1738 1176 1771 suo
1211 1731 1406 1784 quaestu,
1437 1730 1483 1766 et

299 1807 456 1843 tamen
484 1797 581 1842 illis
606 1795 824 1852 omnibus
849 1792 1054 1847 omissis,
1085 1791 1132 1836 in
1163 1789 1359 1835 Gallum
1385 1788 1488 1833 uni-

295 1878 458 1911 versas
474 1864 601 1909 vires
621 1860 865 1908 convertit.
890 1859 970 1904 Ad
988 1858 1087 1903 haec
1106 1857 1383 1918 Imperator
1397 1868 1486 1899 non

287 1930 565 1993 foederibus
596 1928 736 1974 modo
765 1926 948 1982 multis,
975 1938 1141 1970 verum
1168 1922 1314 1968 etiam
1346 1921 1486 1966 bene-

284 1997 419 2059 ficiis
446 1995 692 2041 immensis
716 1993 957 2039 devinctus
983 1999 1088 2036 erat
1109 1989 1281 2046 Gallis,
1306 1988 1379 2034 vel
1404 1987 1489 2032 hoc

298 2063 501 2119 nomine,
532 2062 658 2122 quod
689 2061 860 2105 horum
892 2065 1085 2119 sumptu
1116 2069 1355 2117 operaque
1378 2067 1489 2099 suas

297 2130 345 2175 in
381 2129 531 2174 Italia
567 2127 783 2173 civitates
822 2125 1092 2186 recepisset.
1129 2123 1199 2168 Et
1239 2120 1347 2166 huic
1385 2128 1489 2164 erat

297 2195 421 2257 quod
458 2203 647 2257 ageret⁷
689 2207 856 2253 nempe
895 2199 947 2236 ut
978 2203 1067 2236 sua
1108 2196 1334 2234 tueretur.
1371 2187 1485 2232 Janz

299 2262 424 2307 enim
449 2261 707 2306 Patavium
733 2258 1009 2314 desciverat,
1037 2264 1084 2302 et
1110 2256 1155 2300 in
1177 2252 1480 2314 Burgumha,
