1508 2671
276 162 379 215 150
771 160 949 215 Julius

776 503 953 535 JULIUS.

325 593 432 639 Ista
462 592 692 653 loqueris,
725 591 849 652 quod
881 591 1107 638 invideris
1132 592 1311 654 gloriae
1346 607 1455 638 nos-

270 668 372 717 troe,
422 659 535 704 dum
581 658 822 719 perspicis
871 672 1013 719 quam
1061 659 1259 704 humilis
1293 659 1456 719 fuerit

264 734 378 773 tuus
402 726 726 788 Episcopatus
752 740 860 771 cum
884 733 1045 770 nostro
1067 726 1284 771 collatus.

757 866 956 897 PETRUS.

327 949 505 1006 Audes,
533 947 796 1008 impudens,
824 956 957 992 tuam
980 948 1197 1009 gloriam
1223 963 1328 993 cum
1352 963 1459 994 mea

267 1016 531 1076 conferre?
563 1014 757 1059 tametsi
790 1028 896 1059 mea
927 1014 1095 1076 gloria
1129 1014 1318 1060 Christi
1347 1016 1458 1076 glo-

270 1083 349 1129 ria
371 1091 453 1137 est,
485 1097 574 1127 non
608 1095 727 1126 mea.
757 1081 984 1126 Primum
1010 1081 1236 1139 omnium,
1266 1081 1312 1126 si
1341 1082 1462 1127 mihi

271 1149 357 1194 das
377 1148 629 1194 Christum
655 1147 889 1208 optimum
914 1162 1029 1204 esse,
1052 1162 1309 1208 verumque
1317 1148 1460 1209 prin-

271 1216 424 1276 cipem
448 1214 704 1271 Ecclesiae,
738 1214 838 1274 ipse
863 1215 982 1259 mihi
1003 1213 1159 1259 claves
1192 1214 1336 1276 regni
1362 1222 1461 1259 tra-

271 1282 415 1339 didit,
464 1281 564 1342 ipse
597 1280 865 1341 pascendas
915 1295 1022 1327 oves
1059 1280 1312 1338 commisit,
1362 1281 1463 1341 ipse

272 1363 429 1393 meam
453 1347 609 1408 fidem
647 1361 734 1392 suo
766 1347 1011 1408 praeconio
1051 1347 1350 1407 approbavit.
1394 1349 1464 1393 Te

266 1414 486 1477 pecunia,
519 1422 563 1458 te
586 1413 750 1458 studia
775 1413 1069 1470 mortalium,
1095 1422 1140 1458 te
1150 1413 1361 1473 fraudes
1376 1413 1462 1472 se-

273 1496 380 1527 cere
401 1479 699 1540 Pontificem,
728 1480 773 1525 si
797 1479 935 1525 modo
959 1479 1200 1539 Pontifex
1229 1479 1269 1524 is
1299 1479 1464 1540 appel-

275 1547 446 1593 landus
464 1555 548 1592 est.
569 1547 619 1592 E
620 1561 686 1608 go
708 1554 776 1591 tot
801 1545 1078 1591 animarum
1097 1545 1257 1590 millia
1277 1545 1466 1591 Christi

276 1613 514 1674 lucrifeci,
561 1621 610 1657 tu
653 1621 720 1658 tot
756 1613 803 1657 in
840 1612 1049 1657 exitium
1088 1612 1305 1657 traxisti.
1349 1613 1465 1673 Ego

274 1683 482 1727 Romam
496 1688 637 1724 antea
654 1679 892 1725 Gentilem
904 1679 1098 1740 primus
1119 1678 1369 1724 Christum
1387 1678 1468 1722 do-

276 1747 366 1804 cui,
392 1755 440 1790 tu
465 1745 760 1791 Christianae
776 1747 889 1806 jam
917 1745 1219 1790 Gentilitatis
1252 1744 1466 1790 extitisti

277 1813 530 1874 magister.
560 1814 676 1874 Ego
702 1813 776 1858 vel
801 1812 971 1857 umbra
996 1811 1210 1871 corporis
1235 1811 1466 1857 sanabam

277 1888 503 1942 aegrotos,
536 1878 801 1924 liberabam
827 1893 857 1923 a
877 1878 1132 1924 Daemonio
1157 1886 1372 1934 vexatos,
1405 1876 1468 1921 ad

276 1947 427 1992 vitam
446 1946 727 1991 revocabam
744 1945 1006 2005 defunctos,
1031 1953 1078 1989 et
1098 1959 1374 2005 quacunque
1396 1943 1468 1987 in-

278 2012 508 2067 cederem,
549 2011 787 2071 beneficiis
822 2011 1078 2071 implebam
1121 2010 1296 2056 omnia.
1340 2008 1470 2066 Quid

279 2078 441 2124 simile
463 2078 534 2122 tui
554 2078 764 2123 habuere
788 2077 1059 2138 triumphi?
1077 2079 1308 2123 Poteram
1329 2075 1469 2122 verbo

280 2159 418 2206 quem
442 2144 699 2191 voluissem
723 2143 915 2189 tradere
925 2146 1142 2208 Satanae,
1173 2152 1218 2188 et
1241 2151 1469 2203 quantum

275 2210 532 2272 potuerim,
560 2220 765 2272 experta
797 2220 867 2256 est
889 2210 1102 2271 Saphira
1124 2224 1229 2255 cum
1258 2224 1343 2254 suo
1365 2221 1470 2253 ma-

282 2278 377 2322 rito
402 2293 414 2321 .·
441 2286 598 2323 tamen
623 2277 847 2337 quicquid
871 2276 1101 2323 habebam
1128 2274 1396 2338 potestatis,
1424 2273 1470 2318 in
