1508 2671
265 109 338 163 86
767 106 943 163 Julius

764 384 960 416 PETRUS.

326 468 527 529 Oportet
560 465 959 512 sceleratissimos
973 466 1137 528 fuisse
1164 465 1456 513 Cardinales

264 534 489 579 authores
510 547 567 577 ac
589 532 831 594 principes
856 532 1080 579 Concilii.

776 658 951 691 JULIUS.

322 741 400 786 De
425 740 639 786 moribus
663 740 787 786 nihil
812 754 1002 802 queror,
1031 739 1116 786 sed
1139 747 1282 802 caput
1313 739 1456 800 hujus

265 806 450 868 negotii
466 804 582 867 'suit
617 806 901 853 Cardinalis
924 805 1348 868 Rothomagensis‚
1375 804 1459 866 qui

264 873 420 919 nescio
441 887 534 933 qua
555 873 876 918 sanctimonia
895 887 1086 934 semper
1104 872 1194 918 huc
1208 871 1452 934 spectavit,

264 948 316 984 ut
336 940 609 986 Ecclesiam
637 941 861 985 redderet
884 939 1258 985 emendatiorem
1275 955 1290 983 .·
1319 938 1459 998 idque

252 1006 383 1068 fecit
413 1006 526 1052 locis
557 1007 776 1066 aliquot:
809 1006 930 1051 hunc
954 1019 1085 1051 mors
1111 1005 1301 1066 eripuit,
1338 1005 1459 1050 mihi

264 1081 365 1117 tum
391 1088 495 1118 rem
509 1073 705 1134 faciens
725 1073 937 1118 omnium
958 1072 1311 1133 gratissimam.
1333 1073 1457 1117 Suc-

261 1139 404 1184 cessit
429 1140 540 1185 huic
567 1139 845 1186 Cardinalis
872 1139 1011 1184 titulo
1035 1140 1227 1184 Sanctae
1257 1137 1449 1194 Crucis,

260 1206 526 1266 Hispanus,
559 1207 671 1252 vitce
701 1205 890 1269 quidem
913 1205 1182 1266 inculpatae,
1212 1205 1298 1250 sed
1326 1204 1454 1266 rigi-

261 1271 348 1317 dus
368 1286 522 1317 senex
544 1287 600 1318 ac
627 1272 890 1334 theologus.
923 1270 1063 1327 Quod
1086 1270 1276 1332 quidem
1301 1284 1455 1333 genus

262 1338 507 1383 hominum
533 1340 702 1399 ferme
727 1338 851 1385 solet
885 1351 987 1384 esse
1016 1337 1247 1397 infestum
1271 1338 1454 1383 Roma-

261 1404 335 1450 nis
359 1405 689 1467 Pontificibus.
1448 1403 1451 1404 ⁷

763 1596 958 1627 PETRUs.

320 1678 472 1738 Atqui
504 1676 754 1739 theologus
778 1677 917 1722 homo
942 1676 1064 1721 nihil
1096 1676 1300 1722 habebat
1329 1676 1454 1738 quod

262 1758 347 1789 suo
358 1745 501 1806 sacto
519 1743 840 1805 probabiliter
860 1743 1139 1789 obtexeret?

768 1876 943 1908 JULIUS.

321 1959 577 2004 Permulta
600 1975 613 2003 :
638 1958 797 2003 aiebat
817 1958 948 2003 nulla
960 1957 1123 2017 fuisse
1149 1964 1364 2019 tempora
1387 1956 1455 2001 in-

263 2025 536 2086 quinatiora
553 2040 696 2085 quam
720 2033 819 2070 tum
842 2032 1008 2082 essent,
1032 2028 1270 2084 nunquam
1288 2023 1455 2068 Eccle-

263 2091 351 2137 siae
379 2091 570 2138 morbos
601 2092 764 2154 magis
797 2091 1133 2146 intolerandos,
1173 2089 1334 2150 itaque
1363 2104 1452 2150 ge-

264 2158 422 2203 nerali
451 2158 665 2204 Concilio
688 2157 1076 2204 succurrendum.
1104 2157 1205 2213 Me,
1244 2170 1353 2201 cum
1389 2155 1454 2201 ad

263 2239 503 2270 summum
528 2224 835 2286 Pontificium
855 2223 1156 2280 admitterer,
1180 2236 1454 2268 sacramen-
