1508 2671
301 137 376 206 46
582 112 585 113 ⁷
802 141 977 197 Juuus

301 253 436 299 unico
456 255 695 317 Principe,
721 259 857 319 cujus
882 268 1047 320 optant
1075 261 1148 305 illi
1169 263 1473 326 sanctificari,
1507 256 1508 297 ἕ

303 320 388 365 hoc
426 330 509 378 est,
560 322 799 368 illustrari
838 340 1020 372 nomen.
1062 328 1160 372 Sed
1197 344 1282 374 cur
1321 330 1473 381 addis,

301 386 439 431 Sixtz'
482 402 547 432 ex
595 400 761 434 sorore
807 394 1064 451 nepotem?
1106 409 1244 453 quem
1289 396 1477 456 quidem

301 452 538 499 hominem
572 455 786 501 demiror
818 473 1054 518 nunquam
1083 461 1172 505 huc
1205 463 1471 520 accessisse,

294 520 569 579 praesertim
595 536 700 566 cum
730 530 775 566 et
800 538 1015 570 summus
1029 526 1193 586 fuerit
1220 529 1472 589 Pontifex,

300 593 347 629 et
383 586 468 629 tihi
503 594 631 632 tanto
669 587 779 632 duci
813 599 1057 651 cognatus.
1092 593 1254 648 Quare
1279 594 1367 652 dic,
1397 595 1476 640 ob-

298 665 445 709 secro,
471 653 587 713 quid
610 653 814 700 hominis
823 657 969 717 suit?
993 659 1324 705 Sacerdosne?

800 914 973 945 JULIUS.

358 982 461 1027 Imo
504 983 641 1028 miles
685 985 933 1045 egregius,
978 994 1077 1032 tum
1118 988 1315 1034 eximice
1357 990 1474 1035 reli—

296 1047 471 1108 gionis,
496 1064 663 1112 nempe
692 1052 741 1095 F
741 1052 1048 1101 ranciscanoe.

795 1185 968 1216 PETRUS
976 1207 985 1216 .

353 1263 590 1324 Equidem
608 1265 660 1309 F
658 1265 925 1311 ranciscum
946 1267 1046 1312 vidi
1065 1269 1298 1327 quondam
1320 1271 1475 1317 virum

296 1329 420 1373 inter
446 1329 591 1375 laicos
616 1331 862 1391 optimum,
886 1347 1040 1393 opum,
1071 1335 1340 1396 voluptatis,
1371 1352 1473 1382 am-

297 1396 489 1442 bitionis
531 1412 774 1443 summum
810 1408 1199 1461 contemptorem.
1241 1403 1316 1448 An
1345 1419 1473 1465 pau-

293 1463 516 1523 perculus
542 1463 624 1509 ille
649 1464 768 1511 tales
792 1480 912 1511 nunc
937 1466 1077 1512 habet
1098 1472 1358 1531 satrapas?

799 1686 971 1720 JULIUS.

361 1757 447 1813 Tu,
493 1766 718 1817 quantum
758 1760 906 1817 video,
948 1762 1069 1807 nolis
1101 1764 1373 1825 quempiam
1413 1768 1477 1811 ad

296 1822 498 1867 meliora
521 1824 771 1885 proficere.
798 1827 994 1887 Pauper
1026 1837 1132 1873 erat
1167 1839 1212 1874 et
1242 1832 1474 1878 Benedic-

296 1896 383 1945 tus,
415 1897 573 1934 tamen
594 1892 736 1951 liujus
754 1893 942 1953 posteri
984 1909 1105 1939 nunc
1144 1896 1261 1942 adeo
1301 1898 1470 1944 divites

294 1963 403 2000 sunt
427 1964 479 2000 ut
503 1970 585 2002 nos
607 1958 751 2003 etiam
775 1958 872 2005 illis
899 1959 1209 2010 invideamus,

792 2114 986 2145 PETRUS.

352 2183 574 2243 Pulchre,
612 2187 696 2231 sed
730 2187 793 2232 ad
829 2202 932 2232 rem
958 2189 1124 2248 redito,
1155 2192 1212 2235 de
1236 2191 1375 2237 Sixti
1396 2208 1471 2238 ne·

289 2252 439 2310 pote?
