1508 2671
291 150 393 219 146
724 102 730 116 ยน
794 149 970 205 Julius

282 280 407 322 rum,
436 266 482 311 si
491 266 711 327 fulmina
731 266 1066 311 machinarum
1088 266 1289 322 videres,
1317 265 1362 311 si
1380 279 1468 327 po-

278 332 384 392 puli
417 333 697 394 applausus,
733 332 779 378 si
807 333 1198 388 acclamationes,
1234 332 1279 378 si
1309 331 1468 377 omnia

282 399 418 444 taedis
437 399 735 455 collucentia,
764 399 808 443 si
831 414 1043 445 summos
1066 400 1209 444 etiam
1224 398 1470 460 principes

280 466 344 510 ad
391 467 637 511 beatorum
688 466 851 511 oscula
886 466 1064 527 pedum
1104 467 1192 511 vix
1234 465 1469 512 admitti?

280 533 338 578 Si
372 541 636 593 spectasses
674 534 946 577 Romanum
982 533 1120 577 illum
1156 532 1466 588 sacerdotem,

276 599 400 660 pede
438 613 662 644 coronam
709 613 909 644 auream
960 600 1276 673 imponentem
1308 600 1471 659 Impe-

281 666 454 722 ratori,
497 665 578 725 qui
609 680 703 710 rex
736 674 806 711 est
841 680 1014 728 regum
1043 666 1254 711 omnium
1278 665 1341 719 (si
1363 663 1474 725 qnid

283 732 422 776 modo
457 732 617 777 valent
639 733 763 791 jura
797 733 1013 794 scripta),
1048 746 1317 794 quanquam
1354 729 1474 775 nihil

282 798 472 855 obtinet,
506 799 602 844 nisi
634 799 805 861 magni
827 799 1031 845 nominis
1055 799 1314 843 umbram?
1347 798 1475 842 Hcec

283 865 477 925 inquam
501 865 546 910 si
569 865 780 924 vidzsses,
803 866 1124 926 audissesque,
1150 865 1265 926 quid
1284 865 1472 909 tandem

284 932 510 978 diceres?

788 1470 979 1500 PETRUS.

354 1553 642 1611 Tyrannum
668 1551 780 1612 plus
809 1565 953 1610 quam
988 1550 1278 1594 mundanum
1314 1550 1477 1595 videre

291 1632 379 1675 me,
415 1618 603 1663 Christi
627 1618 823 1674 hostem,
849 1616 1088 1663 Ecclesiae
1106 1625 1310 1677 pestem.

800 1788 975 1818 JULIUS.

349 1871 499 1915 Secus
539 1868 826 1928 loquereris,
868 1869 911 1913 si
952 1868 1026 1914 vel
1073 1882 1217 1912 unum
1261 1881 1477 1912 meorum

294 1936 643 1996 triumphorum
687 1943 963 1995 spectasses,
1005 1934 1078 1980 vel
1116 1949 1222 1978 eum
1258 1948 1347 1993 quo
1378 1934 1476 1977 Bo-

292 2002 483 2046 noniam
516 2016 621 2046 sum
661 2002 880 2059 invectus,
911 2001 984 2047 vel
1019 2016 1158 2061 quem
1195 2000 1280 2061 egi
1309 2001 1480 2045 Romae

291 2069 497 2114 subactis
535 2069 742 2127 Venetis,
776 2069 850 2115 vel
896 2083 986 2129 quo
1024 2067 1243 2112 Bononia
1270 2066 1479 2127 fugiens

293 2137 501 2180 Romam
547 2150 654 2180 sum
702 2143 929 2192 revectus,
981 2135 1054 2180 vel
1100 2148 1237 2194 quem
1285 2132 1363 2178 hic
1398 2131 1481 2194 egi

290 2211 602 2261 postremmn,
638 2203 797 2248 Gallis
816 2210 1000 2262 praeter
1023 2215 1207 2245 omnem
1232 2214 1363 2259 spem
1385 2199 1477 2258 fu-

295 2269 362 2313 sis
388 2268 516 2329 apud
541 2271 832 2315 Ravennam.
862 2269 920 2314 Si
945 2282 1153 2315 mannos,
1184 2266 1228 2311 si
1248 2265 1472 2310 caballos.
1503 2313 1505 2315 ,
