1508 2671
272 158 344 212 60
777 157 950 213 Julius

774 311 952 343 GENms.

330 384 435 430 Imo
456 384 763 445 negotiatori.

776 510 949 543 JULIUS.

330 582 410 628 Ad
430 583 541 640 ltcec,
572 583 696 644 qnod
720 584 879 629 verius
899 583 963 628 ad
983 598 1085 629 rem
1104 585 1329 646 pertinet,
1360 600 1452 631 ex-

272 649 492 710 pediebat
515 650 600 693 lzoc
631 649 694 693 ad
720 649 768 693 id
807 650 930 710 quod
951 650 1202 710 parabam,
1232 652 1331 697 lzoec
1364 652 1453 697 im-

268 715 399 775 perii
411 715 506 758 mei
522 714 692 759 ditioni
707 716 937 776 copulari,
947 718 1274 777 proptersitus
1284 733 1455 779 oppor-

277 782 539 825 tunitatem.
569 781 782 826 Proinde
813 792 1007 829 conatus
1030 798 1150 841 sum,
1177 785 1262 829 hoc
1293 785 1454 830 detur-

278 847 398 904 bato,
433 848 657 892 ditionem
695 863 801 893 eam
836 864 939 894 meo
978 859 1180 912 cognato
1213 853 1451 912 conferre,

276 914 380 959 viro
403 922 607 971 strenuo,
636 923 681 958 et
704 915 888 974 quidvis
907 932 995 976 pro
1025 917 1266 978 dignitate
1283 918 1456 963 Eccle—

276 980 362 1025 siae
385 994 575 1037 ausuro,
602 989 654 1025 ut
678 982 758 1042 qui
792 998 943 1044 nuper
972 992 1139 1045 suapte
1164 999 1307 1030 manu
1332 985 1458 1031 Car-

277 1046 485 1091 dinalem
502 1047 789 1108 Papz'ensem
817 1049 862 1092 in
889 1064 1045 1094 meam
1063 1051 1281 1112 gratiam
1299 1053 1460 1112 confo-

279 1113 420 1161 derit.
439 1115 573 1159 Nam
583 1114 712 1176 filice
736 1115 941 1161 maritus
962 1131 1050 1162 sua
1070 1126 1199 1163 sorte
1219 1126 1462 1164 contentus

282 1187 366 1224 est.

780 1336 971 1369 PETRUS.

344 1406 473 1463 Quid
511 1407 698 1453 audio?
747 1409 941 1456 Uxores
979 1425 1036 1456 ac
1077 1410 1249 1458 liberos
1296 1411 1466 1458 habent

282 1474 461 1519 summi
476 1475 765 1535 pontifices?

791 1603 963 1635 JULIUS.

344 1674 469 1720 Sztas
505 1674 695 1736 quidem
728 1689 909 1721 uxores
942 1690 1031 1721 non
1064 1677 1260 1722 liabent:
1295 1677 1469 1723 liberos

286 1749 445 1786 autem
464 1741 650 1799 habere,
670 1743 785 1804 quid
802 1744 1005 1789 monstri
1019 1752 1102 1803 est,
1126 1759 1231 1790 cum
1246 1744 1460 1803 sintvz‘ri7

287 1821 377 1852 non
403 1808 645 1853 eunuchi?

785 1934 979 1966 PETRUS.

347 2006 444 2051 Sed
479 2021 585 2066 quoe
622 2007 811 2053 tandem
837 2022 915 2054 res
950 2017 1179 2071 coegerat
1201 2009 1470 2056 schismati-

290 2085 395 2117 cum
417 2073 827 2120 conciliabulum?

796 2201 968 2232 JULIUS.

350 2272 649 2335 Perlongum
673 2275 837 2336 fuerit
871 2289 973 2320 rem
1006 2289 1037 2320 a
1060 2275 1227 2337 prima
1259 2284 1474 2338 repetere
