1508 2671
298 185 369 255 76
808 181 1003 237 Julius.

285 301 431 361 ferre
458 300 635 361 possit,
680 313 773 360 qua
820 299 1071 344 Christum
1109 298 1254 343 etiam
1291 298 1477 355 eludat,

296 365 467 410 nedum
496 365 784 412 Concilium.
812 365 1094 425 Quanquam
1129 363 1358 410 adversus
1394 364 1481 409 hu-

285 432 504 493 jusmodi
529 431 824 492 Pontificem,
852 430 1120 489 cujusmodi
1152 440 1201 474 tu
1236 430 1375 475 modo
1401 430 1482 475 de-

293 498 542 559 scripsisti,
587 498 754 558 palam
798 497 1100 553 scelerosum,
1150 497 1476 554 temulentum,

295 564 596 620 homicidam,
626 563 968 618 Simoniacum,
1006 563 1276 625 veneficum,
1314 564 1482 624 perju-

295 646 419 687 rum,
454 628 693 690 rapacem,
726 630 1017 691 portentosis
1052 629 1303 674 libidinum
1336 644 1481 691 gene-

295 697 430 741 ribus
466 696 672 757 undique
706 704 1086 756 conspurcatum,
1133 695 1274 757 idque
1299 710 1482 757 propa-

294 763 407 819 lam,
431 777 519 807 non
542 770 640 806 tam
662 761 920 823 optandum
940 762 1172 824 generale
1193 762 1478 819 Concilium,

294 844 436 890 quam
479 836 532 872 ut
558 828 693 889 plebs
728 837 922 873 armata
961 828 1131 881 saxis,
1155 836 1208 873 ut
1235 827 1483 889 publicam

295 895 425 940 orbis
442 903 644 956 pestem,
673 910 698 939 e
719 895 874 939 medio
901 895 1053 939 tollat.
1081 896 1258 941 Verum
1276 909 1386 956 age,
1407 894 1486 939 dic

294 962 429 1015 mihi,
457 976 544 1006 cur
565 964 813 1007 Romanus
837 962 1077 1021 Pontifex
1099 969 1347 1022 tantopere
1369 960 1483 1006 hor—

296 1036 403 1073 reat
425 1028 658 1090 generale
685 1027 954 1073 Concilium
971 1029 998 1072 ,9

808 1351 982 1383 JULIUS.

358 1425 484 1480 Quin
513 1425 638 1469 idem
659 1438 690 1468 a
718 1424 992 1469 monarchis
1016 1424 1205 1485 quaeris,
1235 1438 1322 1469 cur
1344 1438 1483 1469 sena-

299 1500 398 1535 tum
433 1499 477 1534 et
509 1490 717 1535 celebres
753 1504 999 1535 consessus
1030 1490 1258 1534 oderint?
1292 1491 1486 1552 Nempe

297 1556 424 1618 quod
464 1557 605 1601 turba
647 1564 715 1601 tot
754 1556 1092 1601 excellentium
1127 1557 1357 1614 virorum,
1395 1572 1484 1601 non

298 1624 417 1668 nihil
454 1623 735 1668 obscuretur
769 1623 912 1684 regia
955 1623 1182 1684 dignitas.
1223 1623 1322 1678 Qui
1359 1622 1487 1668 docti

296 1698 420 1743 sunt,
451 1690 509 1735 iis
535 1689 691 1734 literae
707 1689 945 1751 fiduciam
981 1689 1211 1746 reddunt‚·
1248 1689 1330 1749 qui
1367 1690 1486 1736 bona

297 1755 586 1801 conscientia
610 1756 756 1816 freti,
799 1755 997 1801 liberius
1034 1756 1302 1816 loquuntur,
1341 1771 1483 1817 quam

298 1822 432 1867 nobis
470 1822 716 1884 expediat.
753 1822 852 1878 Qui
885 1821 1121 1884 dignitate
1148 1822 1360 1882 praediti,
1395 1838 1484 1867 au-

299 1888 495 1933 toritate
529 1896 728 1932 utuntur
758 1902 858 1933 sua.
889 1888 1133 1932 Accedunt
1165 1896 1212 1932 et
1244 1888 1367 1933 inter
1402 1890 1485 1934 hos

297 1954 527 2012 nonnulli,
549 1954 631 2016 qui
652 1963 829 1999 nostrae
855 1954 1064 1999 invident
1086 1955 1279 2017 gloriae,
1298 1963 1347 1999 et
1367 1956 1486 2001 hunc

297 2021 512 2065 animum
538 2035 696 2065 secum
722 2022 946 2084 afferunt,
978 2030 1031 2065 ut
1068 2021 1282 2065 minuant
1314 2022 1484 2066 Ponti-

283 2087 401 2148 ficis
426 2096 471 2131 et
495 2102 605 2148 opes
632 2096 678 2132 et
700 2088 1027 2132 autoritatem.
1051 2088 1301 2132 Praeterea
1326 2089 1485 2135 nullus

297 2154 373 2198 lzic
397 2154 588 2210 assidet,
619 2154 728 2213 quin
753 2154 848 2198 sibi
869 2162 1008 2214 putet
1038 2154 1222 2214 aliquid
1257 2154 1484 2199 adversus

296 2220 578 2281 Pontificem
618 2221 763 2264 licere
809 2220 1019 2265 Concilii
1059 2220 1210 2276 titulo,
1252 2221 1480 2265 nimirum

295 2286 420 2330 alias
441 2286 678 2331 invictum.
700 2285 913 2331 Proinde
929 2285 1016 2332 vix
1036 2286 1186 2331 ullum
1209 2286 1478 2332 Concilium
