1508 2671
295 152 399 222 148
793 150 971 207 Julius

284 268 331 316 si
354 268 566 322 militum
591 276 893 314 armatorum
919 268 1085 327 aciem,
1115 268 1161 314 si
1194 267 1366 314 ducum
1392 282 1471 314 or-

285 344 522 391 namenta,
568 335 613 380 si
658 335 948 380 delectorum
987 335 1260 396 spectacula
1293 349 1473 395 puero-

286 417 409 460 rum,
432 402 478 447 si
486 402 631 462 faces
651 401 856 462 undique
873 402 1092 459 lucentes,
1114 402 1159 447 si
1165 401 1473 462 ferculorum

285 477 602 529 apparatum,
646 468 691 513 si
726 483 957 529 pompam
1003 468 1377 529 Episcoporum,
1430 467 1475 513 si

289 534 631 580 Cardinalium
645 535 855 594 fastum,
885 535 931 580 si
962 535 1188 596 trophaea,
1234 534 1279 579 si
1302 549 1472 579 manu-

287 600 403 659 bias,
444 601 489 645 si
514 600 560 645 in
599 601 771 646 coelum
804 601 1051 647 reboantes
1068 601 1225 661 plebis
1260 615 1316 645 ac
1340 600 1472 645 mili-

286 675 386 711 tum
422 667 806 725 acclamationes,
836 667 881 713 si
909 668 1088 729 plausu
1117 659 1474 728 perstrepentia

284 733 459 790 omnia,
496 733 541 779 si
573 733 803 779 lituorum
840 742 1046 791 cantum,
1089 733 1311 779 tubarum
1349 732 1470 778 toni-

284 808 408 856 trua,
441 799 814 845 hombardarum
839 800 1076 861 fulmina,
1117 800 1163 846 si
1192 813 1386 861 sparsos
1424 798 1471 843 in

276 866 510 927 populum
536 881 768 925 nummos,
788 867 834 912 si
854 881 929 912 me
956 867 1105 913 veluti
1127 881 1297 911 numen
1323 864 1471 927 quod-

282 931 395 977 dam
412 932 667 978 sublimem
674 933 814 994 ferri
829 942 1104 994 spectasses,
1125 932 1270 978 totius
1278 945 1472 993 pompce

282 1007 426 1059 caput
450 1007 495 1044 et
519 1008 736 1045 autorem
758 1017 771 1044 .·
798 1009 897 1045 tum
926 1000 1187 1060 Scipiones,
1213 998 1463 1054 AEmilios,

280 1064 546 1126 Augustos,
568 1066 789 1113 sordidos
810 1081 867 1113 ac
886 1066 1117 1128 frugales
1134 1065 1346 1111 dixisses
1360 1078 1469 1125 pree

279 1145 369 1177 me.

778 1531 972 1563 PETRUS.

335 1611 448 1669 Olze,
471 1612 592 1658 satis
611 1612 981 1673 triumphorum,
1002 1613 1360 1675 gloriosissime
1380 1613 1463 1658 mi-

272 1679 353 1735 les,
394 1678 489 1724 imo
524 1679 647 1736 illos,
691 1679 801 1726 licet
835 1679 1058 1738 ethnicos,
1088 1680 1196 1725 odio
1232 1680 1304 1725 tui
1332 1694 1460 1725 com-

264 1746 465 1807 plector,
496 1746 579 1806 qui
603 1746 741 1791 caesis
774 1754 856 1791 tua
880 1760 1028 1792 causa
1059 1755 1127 1791 tot
1155 1746 1459 1792 Christiano-

270 1827 379 1857 rum
398 1812 613 1858 millibus
631 1813 897 1873 triumphos
915 1813 1111 1875 agebas,
1127 1813 1460 1859 sanctissimus

271 1879 317 1924 in
343 1878 538 1924 Christo
552 1887 711 1939 pater,
740 1887 807 1924 tot
832 1879 1102 1940 legionibus
1124 1879 1344 1924 interitus
1369 1893 1457 1924 au-

269 1954 344 1990 tor
381 1945 604 2000 extitisti,
636 1945 718 2006 qui
742 1960 797 1990 ne
833 1960 976 1990 unam
1009 1946 1275 1991 animulam
1312 1959 1459 2006 neque

266 2011 422 2069 verbo,
449 2027 596 2072 neque
620 2011 720 2057 vita
743 2011 939 2058 Christo
966 2012 1282 2072 lucrifeceris.
1308 2012 1350 2058 Ο
1362 2026 1455 2072 pa-

268 2087 404 2124 terna
436 2079 634 2135 viscera,
673 2093 699 2123 o
725 2078 928 2140 dignum
966 2078 1153 2125 Christi
1188 2078 1450 2135 Vicarium,

266 2144 349 2206 qui
365 2145 674 2205 semetipsum
702 2145 932 2205 impendit
954 2154 1006 2190 ut
1029 2159 1189 2190 omnes
1213 2143 1457 2190 servaret!

273 2212 347 2257 Tu
382 2219 434 2255 ut
458 2226 603 2256 unum
621 2211 854 2272 pestilens
879 2211 1162 2271 defenderes
1193 2219 1347 2272 caput,
1382 2219 1452 2256 to-

266 2278 362 2323 tius
383 2277 513 2323 orbis
534 2277 741 2323 exitium
767 2277 1026 2323 accersisti.
