1508 2671
228 193 305 249 94
737 174 913 231 Julius
958 188 967 189 ’

226 306 347 338 unus
360 292 530 355 plures
548 292 845 355 episcopatus
862 291 1276 353 complecteretur,·
1295 290 1408 336 istos

226 359 309 421 qui
339 374 430 421 per
453 360 546 421 sas
570 364 642 419 (ut
674 358 884 418 aiebant)
909 359 1139 420 nefasque
1161 365 1404 415 sexcenta,

222 425 269 472 si
288 433 501 487 possent,
532 424 779 471 cumulant
808 424 1093 481 sacerdotzssa
1131 424 1412 470 coercendos

224 492 495 550 censebant,
538 500 591 536 ut
630 491 691 537 iis
731 499 886 537 essent
923 490 1131 536 contenti
1170 490 1409 547 censibus,

222 573 302 620 quz
297 557 529 619 frugali
559 557 802 603 sacerdoti
825 556 944 602 satis
976 564 1158 613 essent,·
1192 571 1250 601 ne
1284 556 1410 616 quis-

221 639 365 686 quam
387 631 640 670 crearetur
662 625 893 669 Summus
917 623 1160 684 Pontifex
1181 631 1267 667 aut
1289 624 1338 667 E
1331 622 1413 683 pi-

220 704 391 752 scopus
432 698 519 735 aut
551 690 791 737 Sacerdos
833 690 1097 735 interventu
1142 704 1412 744 munerum,

221 765 306 802 aut
343 764 563 818 respectu
591 756 804 818 favoris,
855 764 939 801 aut
982 756 1136 817 turpis
1183 755 1407 816 obsequii,

219 822 304 869 sed
328 822 589 874 dumtaxat
612 837 679 868 ex
698 822 810 868 vita·
831 822 1050 879 meritis‚·
1077 821 1202 883 quod
1224 821 1269 866 si
1288 823 1414 866 com—

212 897 410 951 pertum
438 897 575 947 esset,
603 888 732 934 illico
757 885 1145 945 submoveretur7·
1170 895 1223 932 ut
1248 887 1414 932 liceret

219 957 493 1001 Romanum
513 955 796 1017 Pontificem
811 955 983 1016 palam
994 954 1332 1015 facinorosum
1354 953 1415 998 ab

221 1022 398 1067 honore
422 1020 686 1082 depellere;
724 1029 776 1066 ut
811 1020 1021 1082 episcopi
1043 1028 1332 1065 scortatores
1356 1033 1414 1064 ac

222 1087 468 1133 temulenti
505 1088 820 1150 privarentur
864 1086 1312 1143 administratione;
1360 1094 1413 1131 ut

219 1155 492 1201 sacerdotes
520 1153 685 1216 palam
707 1153 985 1215 facinorosi
1015 1167 1105 1198 non
1139 1152 1295 1199 solum
1331 1167 1411 1199 sa-

221 1220 445 1278 cerdotio,
490 1235 657 1267 verum
697 1219 912 1265 membro
951 1219 1170 1280 corporis
1213 1219 1410 1264 mutila-

221 1295 402 1344 rentur,
453 1287 648 1347 aliaque
696 1285 745 1330 id
786 1300 941 1348 genus
977 1285 1245 1347 permulta,
1299 1301 1409 1330 nam

221 1353 384 1399 omnia
404 1354 595 1416 referre
618 1352 772 1414 piget,
812 1368 917 1414 quae
941 1366 1143 1414 prorsus
1169 1367 1221 1397 eo
1247 1352 1409 1396 tende-

223 1421 347 1477 bant,
382 1428 436 1464 ut
466 1434 550 1466 nos
585 1428 839 1464 onerarent
866 1418 1198 1478 sanctimonia,
1226 1418 1408 1464 divitiis

220 1495 267 1532 et
293 1486 496 1548 imperio
518 1485 799 1548 spoliarent.

716 2169 913 2200 PETRUS.

281 2229 412 2286 Quid
433 2230 590 2292 igitur
609 2227 774 2275 contra
799 2229 899 2274 haec
923 2226 1226 2274 statuebatur
1252 2228 1298 2272 in
1325 2227 1408 2272 illo

220 2304 522 2342 sacrosancto
550 2295 768 2342 Concilio
791 2296 1010 2340 Romano
1029 2296 1057 2339 ,9
1078 2323 1081 2325 -
