1508 2671
1503 10 1508 62 Ι

295 139 367 193 68
796 138 975 193 Julius
1142 160 1146 165 ·
1504 63 1508 190 Ξ

291 254 457 316 gloria
494 255 559 301 sit
589 255 830 300 hominum
863 254 989 299 male
1018 254 1320 300 sentientzum
1346 268 1475 299 coac·
1506 235 1508 321 Ξ

294 330 395 366 tum
422 321 682 368 silentium.
716 322 893 367 Verum
928 321 1047 365 illud
1076 321 1196 365 mihi
1227 320 1468 381 responde,
1507 347 1508 387 Ξ

295 388 427 433 nulla
463 389 646 433 ratione
678 396 835 447 potest
873 388 1087 434 amoveri
1121 387 1381 433 scelerosus
1420 401 1508 434 ac

287 454 515 516 pestilens
536 454 814 514 Pontifex?

791 710 965 741 JULIUs.

351 785 664 830 Ridiculum:
703 798 733 829 a
765 799 855 845 quo
896 792 1200 829 amoveretur
1238 782 1320 844 qui
1346 796 1476 828 sum-

295 866 398 898 mus
420 853 529 897 est?

787 975 985 1006 PETRUS.

350 1050 500 1110 Atqui
524 1049 580 1095 ob
607 1049 655 1093 id
682 1050 836 1110 ipsum
871 1048 1090 1092 maxime
1122 1047 1320 1092 debebat
1342 1061 1477 1092 amo—

294 1117 408 1173 veri,
439 1116 552 1178 quia
576 1130 792 1162 summus
830 1123 915 1160 est.
947 1116 1082 1159 Nam
1107 1129 1196 1174 quo
1223 1114 1396 1173 major,
1425 1128 1478 1158 eo

291 1183 623 1245 perniciosior.
646 1183 701 1228 Si
731 1183 951 1226 humanae
969 1181 1099 1242 leges
1136 1181 1476 1240 imperatorem

294 1249 420 1294 male
453 1248 795 1309 rempublicam
830 1247 1249 1292 administrantem
1279 1261 1367 1291 non
1399 1260 1477 1291 so-

295 1316 392 1360 lum
425 1315 657 1371 abdicant,
690 1328 854 1360 verum
889 1313 1033 1357 etiam
1066 1313 1235 1373 capitis
1267 1312 1480 1374 afficiunt

291 1381 542 1443 supplicio,
564 1396 783 1442 quaenam
808 1389 880 1426 est
913 1389 1010 1425 tam
1039 1379 1221 1440 infelix
1246 1378 1480 1424 Ecclesiae

294 1447 522 1504 conditio,
576 1456 628 1491 ut
672 1448 944 1491 Romanum
990 1445 1272 1506 Pontificem
1321 1444 1480 1490 omnia

293 1514 641 1559 subvertentem
672 1514 817 1573 ferre
851 1527 932 1573 coD
913 1520 1069 1568 <r‚atur
1100 1526 1183 1556 nec
1208 1511 1304 1557 ullo
1339 1519 1479 1572 pacto

289 1581 443 1643 possit
459 1579 704 1642 publicam
723 1587 911 1641 pestem
905 1547 1149 1639 Ddepellet*
1153 1579 1217 1623 e?

801 1842 975 1875 JULIUS.

354 1927 421 1971 At
443 1926 486 1972 si
509 1923 825 1987 corrigendus
851 1932 917 1969 est
950 1924 1199 1969 Romanus
1223 1922 1476 1983 Pontifex,

291 2008 382 2055 per
429 1992 699 2040 Concilium
747 1990 1028 2051 corrigatur
1076 1997 1277 2063 oportet.
1323 1989 1481 2033 Porro

300 2059 572 2105 Concilium
598 2059 708 2120 cogi
739 2073 828 2103 non
855 2064 1016 2118 potest
1052 2055 1197 2101 invito
1229 2054 1476 2115 Pontifice‚

296 2123 939 2186 alioquiconciliabulumsit
956 2137 1044 2167 non
1058 2121 1325 2167 concilium.
1342 2120 1482 2176 Quod

296 2192 341 2242 si
378 2191 596 2236 maxime
638 2198 864 2252 cogatur,
913 2203 997 2233 nec
1041 2187 1194 2233 statui
1231 2186 1481 2247 quicquam

289 2265 449 2319 potest
485 2258 775 2318 refragante
805 2255 1055 2316 Pontifica
1084 2253 1301 2314 Denique
1333 2260 1498 2308 restat*
