<?xml version="1.0" encoding="UTF-8"?>
<!DOCTYPE html PUBLIC "-//W3C//DTD XHTML 1.0 Transitional//EN"
    "http://www.w3.org/TR/xhtml1/DTD/xhtml1-transitional.dtd">
<html xmlns="http://www.w3.org/1999/xhtml" xml:lang="en" lang="en">
 <head>
  <title>
</title>
<meta http-equiv="Content-Type" content="text/html;charset=utf-8" />
  <meta name='ocr-system' content='tesseract 3.04.00' />
  <meta name='ocr-capabilities' content='ocr_page ocr_carea ocr_par ocr_line ocrx_word'/>
</head>
<body>
  <div class='ocr_page' id='page_1' title='image "./juliusdialogueen00eras_0162.png"; bbox 0 0 1508 2671; ppageno 0'>
   <div class='ocr_carea' id='block_1_1' title="bbox 294 131 970 203">
    <p class='ocr_par' dir='ltr' id='par_1_1' title="bbox 294 131 970 203">
     <span class='ocr_line' id='line_1_1' title="bbox 294 131 970 203; baseline 0 -16"><span class='ocrx_word' id='word_1_1' title='bbox 294 149 395 203; x_wconf 82' lang='lat'><strong><em>142</em></strong></span> <span class='ocrx_word' id='word_1_2' title='bbox 795 131 970 187; x_wconf 83' lang='lat' dir='ltr'>Julius</span> 
     </span>
    </p>
   </div>
   <div class='ocr_carea' id='block_1_2' title="bbox 283 249 1035 311">
    <p class='ocr_par' dir='ltr' id='par_1_2' title="bbox 283 249 1035 311">
     <span class='ocr_line' id='line_1_2' title="bbox 283 249 1035 311; baseline -0.001 -16"><span class='ocrx_word' id='word_1_3' title='bbox 283 249 702 311; x_wconf 80' lang='lat' dir='ltr'><em>expeditissimam</em></span> <span class='ocrx_word' id='word_1_4' title='bbox 730 262 831 295; x_wconf 87' lang='lat' dir='ltr'><strong><em>esse</em></strong></span> <span class='ocrx_word' id='word_1_5' title='bbox 851 249 1035 296; x_wconf 72' lang='lat' dir='ltr'><strong><em>voluit?</em></strong></span> 
     </span>
    </p>
   </div>
   <div class='ocr_carea' id='block_1_3' title="bbox 795 404 969 436">
    <p class='ocr_par' dir='ltr' id='par_1_3' title="bbox 795 404 969 436">
     <span class='ocr_line' id='line_1_3' title="bbox 795 404 969 436; baseline 0.011 -2"><span class='ocrx_word' id='word_1_6' title='bbox 795 404 969 436; x_wconf 85' lang='lat' dir='ltr'><strong>JULIUS.</strong></span> 
     </span>
    </p>
   </div>
   <div class='ocr_carea' id='block_1_4' title="bbox 282 477 1475 1070">
    <p class='ocr_par' dir='ltr' id='par_1_4' title="bbox 282 477 1475 1070">
     <span class='ocr_line' id='line_1_4' title="bbox 346 477 1472 539; baseline -0.001 -16"><span class='ocrx_word' id='word_1_7' title='bbox 346 479 475 534; x_wconf 81' lang='lat' dir='ltr'><strong><em>Quid</em></strong></span> <span class='ocrx_word' id='word_1_8' title='bbox 501 477 628 523; x_wconf 89' lang='lat' dir='ltr'><strong><em>istud</em></strong></span> <span class='ocrx_word' id='word_1_9' title='bbox 649 478 714 522; x_wconf 91' lang='lat' dir='ltr'><strong><em>ad</em></strong></span> <span class='ocrx_word' id='word_1_10' title='bbox 730 492 833 522; x_wconf 90' lang='lat' dir='ltr'><strong><em>rem</em></strong></span> <span class='ocrx_word' id='word_1_11' title='bbox 855 478 1063 523; x_wconf 79' lang='lat' dir='ltr'><strong><em>attinet?</em></strong></span> <span class='ocrx_word' id='word_1_12' title='bbox 1091 478 1236 524; x_wconf 82' lang='lat' dir='ltr'><strong><em>Certe</em></strong></span> <span class='ocrx_word' id='word_1_13' title='bbox 1256 477 1380 539; x_wconf 82' lang='lat' dir='ltr'><strong><em>quod</em></strong></span> <span class='ocrx_word' id='word_1_14' title='bbox 1401 486 1472 523; x_wconf 92' lang='lat' dir='ltr'><strong><em>est</em></strong></span> 
     </span>
     <span class='ocr_line' id='line_1_5' title="bbox 283 544 1471 606; baseline -0.002 -16"><span class='ocrx_word' id='word_1_15' title='bbox 283 553 438 606; x_wconf 78' lang='lat' dir='ltr'><strong><em>caput,</em></strong></span> <span class='ocrx_word' id='word_1_16' title='bbox 472 553 697 600; x_wconf 89' lang='lat' dir='ltr'><strong><em>tenemus,</em></strong></span> <span class='ocrx_word' id='word_1_17' title='bbox 719 544 1036 606; x_wconf 77' lang='lat' dir='ltr'><strong><em>possidemus,</em></strong></span> <span class='ocrx_word' id='word_1_18' title='bbox 1051 544 1292 604; x_wconf 79' lang='lat' dir='ltr'><em>fruimur,</em></span> <span class='ocrx_word' id='word_1_19' title='bbox 1322 557 1471 605; x_wconf 82' lang='lat' dir='ltr'><strong><em>quan-</em></strong></span> 
     </span>
     <span class='ocr_line' id='line_1_6' title="bbox 283 610 1470 672; baseline -0.001 -17"><span class='ocrx_word' id='word_1_20' title='bbox 283 625 426 672; x_wconf 77' lang='lat' dir='ltr'><strong><em>quam</em></strong></span> <span class='ocrx_word' id='word_1_21' title='bbox 454 610 591 655; x_wconf 85' lang='lat' dir='ltr'><strong><em>aiunt</em></strong></span> <span class='ocrx_word' id='word_1_22' title='bbox 618 610 988 656; x_wconf 84' lang='lat' dir='ltr'><strong><em>Constantinum</em></strong></span> <span class='ocrx_word' id='word_1_23' title='bbox 1018 610 1252 671; x_wconf 81' lang='lat' dir='ltr'><strong><em>quendam</em></strong></span> <span class='ocrx_word' id='word_1_24' title='bbox 1281 610 1470 656; x_wconf 74' lang='lat' dir='ltr'><strong><em>univer-</em></strong></span> 
     </span>
     <span class='ocr_line' id='line_1_7' title="bbox 282 676 1472 738; baseline -0.002 -16"><span class='ocrx_word' id='word_1_25' title='bbox 282 691 387 722; x_wconf 91' lang='lat' dir='ltr'><strong><em>sam</em></strong></span> <span class='ocrx_word' id='word_1_26' title='bbox 417 676 612 738; x_wconf 79' lang='lat' dir='ltr'><strong><em>imperii</em></strong></span> <span class='ocrx_word' id='word_1_27' title='bbox 641 676 719 721; x_wconf 91' lang='lat' dir='ltr'><strong><em>sui</em></strong></span> <span class='ocrx_word' id='word_1_28' title='bbox 751 677 1055 737; x_wconf 86' lang='lat' dir='ltr'><strong><em>majestatem</em></strong></span> <span class='ocrx_word' id='word_1_29' title='bbox 1088 676 1135 721; x_wconf 89' lang='lat' dir='ltr'><strong><em>in</em></strong></span> <span class='ocrx_word' id='word_1_30' title='bbox 1163 676 1472 737; x_wconf 73' lang='lat' dir='ltr'><strong><em>Sylvestrum</em></strong></span> 
     </span>
     <span class='ocr_line' id='line_1_8' title="bbox 282 741 1470 805; baseline -0.002 -16"><span class='ocrx_word' id='word_1_31' title='bbox 282 744 557 789; x_wconf 88' lang='lat' dir='ltr'><strong><em>Romanum</em></strong></span> <span class='ocrx_word' id='word_1_32' title='bbox 599 742 881 805; x_wconf 76' lang='lat' dir='ltr'><strong><em>Pontificem</em></strong></span> <span class='ocrx_word' id='word_1_33' title='bbox 924 742 1260 804; x_wconf 85' lang='lat' dir='ltr'><strong><em>transfudisse,</em></strong></span> <span class='ocrx_word' id='word_1_34' title='bbox 1296 741 1470 804; x_wconf 83' lang='lat' dir='ltr'><strong><em>phale-</em></strong></span> 
     </span>
     <span class='ocr_line' id='line_1_9' title="bbox 285 808 1472 871; baseline -0.001 -17"><span class='ocrx_word' id='word_1_35' title='bbox 285 823 382 867; x_wconf 88' lang='lat' dir='ltr'><strong><em>ras,</em></strong></span> <span class='ocrx_word' id='word_1_36' title='bbox 425 823 580 870; x_wconf 84' lang='lat' dir='ltr'><strong><em>equos,</em></strong></span> <span class='ocrx_word' id='word_1_37' title='bbox 607 810 802 866; x_wconf 70' lang='lat' dir='ltr'><strong><em>rcurrus,</em></strong></span> <span class='ocrx_word' id='word_1_38' title='bbox 831 809 1043 871; x_wconf 79' lang='lat' dir='ltr'><strong><em>galeam,</em></strong></span> <span class='ocrx_word' id='word_1_39' title='bbox 1075 808 1299 866; x_wconf 83' lang='lat' dir='ltr'><strong><em>balteum,</em></strong></span> <span class='ocrx_word' id='word_1_40' title='bbox 1325 808 1472 871; x_wconf 79' lang='lat' dir='ltr'><strong><em>palu—</em></strong></span> 
     </span>
     <span class='ocr_line' id='line_1_10' title="bbox 285 875 1475 934; baseline 0 -14"><span class='ocrx_word' id='word_1_41' title='bbox 285 876 574 933; x_wconf 86' lang='lat' dir='ltr'><strong><em>damentum,</em></strong></span> <span class='ocrx_word' id='word_1_42' title='bbox 615 875 914 933; x_wconf 80' lang='lat' dir='ltr'><strong><em>satellitium,</em></strong></span> <span class='ocrx_word' id='word_1_43' title='bbox 968 889 1119 934; x_wconf 83' lang='lat' dir='ltr'><strong><em>enses,</em></strong></span> <span class='ocrx_word' id='word_1_44' title='bbox 1157 889 1357 921; x_wconf 86' lang='lat' dir='ltr'><strong><em>coronas</em></strong></span> <span class='ocrx_word' id='word_1_45' title='bbox 1391 889 1475 920; x_wconf 89' lang='lat' dir='ltr'><strong><em>au-</em></strong></span> 
     </span>
     <span class='ocr_line' id='line_1_11' title="bbox 285 941 1469 1003; baseline 0.001 -16"><span class='ocrx_word' id='word_1_46' title='bbox 285 955 408 999; x_wconf 86' lang='lat' dir='ltr'><strong><em>reas,</em></strong></span> <span class='ocrx_word' id='word_1_47' title='bbox 450 950 495 987; x_wconf 83' lang='lat' dir='ltr'><strong><em>et</em></strong></span> <span class='ocrx_word' id='word_1_48' title='bbox 525 942 639 987; x_wconf 86' lang='lat' dir='ltr'><strong><em>auri</em></strong></span> <span class='ocrx_word' id='word_1_49' title='bbox 668 942 860 1003; x_wconf 81' lang='lat' dir='ltr'><strong><em>quidem</em></strong></span> <span class='ocrx_word' id='word_1_50' title='bbox 893 941 1165 1003; x_wconf 83' lang='lat' dir='ltr'><strong><em>purissimi,</em></strong></span> <span class='ocrx_word' id='word_1_51' title='bbox 1209 941 1469 999; x_wconf 82' lang='lat' dir='ltr'><strong><em>exercitus,</em></strong></span> 
     </span>
     <span class='ocr_line' id='line_1_12' title="bbox 285 1008 1149 1070; baseline 0.003 -17"><span class='ocrx_word' id='word_1_52' title='bbox 285 1008 533 1054; x_wconf 81' lang='lat' dir='ltr'><strong><em>machinas</em></strong></span> <span class='ocrx_word' id='word_1_53' title='bbox 558 1008 765 1066; x_wconf 87' lang='lat' dir='ltr'><strong><em>bellicas,</em></strong></span> <span class='ocrx_word' id='word_1_54' title='bbox 793 1009 948 1066; x_wconf 82' lang='lat' dir='ltr'><strong><em>urbes,</em></strong></span> <span class='ocrx_word' id='word_1_55' title='bbox 980 1023 1149 1070; x_wconf 76' lang='lat' dir='ltr'><strong><em>regna.</em></strong></span> 
     </span>
    </p>
   </div>
   <div class='ocr_carea' id='block_1_5' title="bbox 787 1309 980 1341">
    <p class='ocr_par' dir='ltr' id='par_1_5' title="bbox 787 1309 980 1341">
     <span class='ocr_line' id='line_1_13' title="bbox 787 1309 980 1341; baseline 0.01 -2"><span class='ocrx_word' id='word_1_56' title='bbox 787 1309 980 1341; x_wconf 85' lang='lat' dir='ltr'><strong>PETRUS.</strong></span> 
     </span>
    </p>
   </div>
   <div class='ocr_carea' id='block_1_6' title="bbox 291 1382 1478 1497">
    <p class='ocr_par' dir='ltr' id='par_1_6' title="bbox 291 1382 1478 1497">
     <span class='ocr_line' id='line_1_14' title="bbox 346 1382 1478 1446; baseline -0.001 -17"><span class='ocrx_word' id='word_1_57' title='bbox 346 1384 416 1429; x_wconf 86' lang='lat' dir='ltr'><strong><em>Et</em></strong></span> <span class='ocrx_word' id='word_1_58' title='bbox 435 1391 609 1430; x_wconf 81' lang='lat' dir='ltr'><strong><em>extant</em></strong></span> <span class='ocrx_word' id='word_1_59' title='bbox 636 1383 775 1430; x_wconf 88' lang='lat' dir='ltr'><strong><em>istius</em></strong></span> <span class='ocrx_word' id='word_1_60' title='bbox 800 1382 1140 1446; x_wconf 70' lang='lat' dir='ltr'><strong><em>munificentiae</em></strong></span> <span class='ocrx_word' id='word_1_61' title='bbox 1160 1390 1293 1428; x_wconf 87' lang='lat' dir='ltr'><strong><em>certa</em></strong></span> <span class='ocrx_word' id='word_1_62' title='bbox 1317 1397 1478 1429; x_wconf 88' lang='lat' dir='ltr'><strong><em>monu-</em></strong></span> 
     </span>
     <span class='ocr_line' id='line_1_15' title="bbox 291 1451 491 1497; baseline -0.01 0"><span class='ocrx_word' id='word_1_63' title='bbox 291 1451 491 1497; x_wconf 84' lang='lat' dir='ltr'><strong><em>menta?</em></strong></span> 
     </span>
    </p>
   </div>
   <div class='ocr_carea' id='block_1_7' title="bbox 794 1545 969 1577">
    <p class='ocr_par' dir='ltr' id='par_1_7' title="bbox 794 1545 969 1577">
     <span class='ocr_line' id='line_1_16' title="bbox 794 1545 969 1577; baseline 0 -1"><span class='ocrx_word' id='word_1_64' title='bbox 794 1545 969 1577; x_wconf 88' lang='lat' dir='ltr'><strong>JULIUS.</strong></span> 
     </span>
    </p>
   </div>
   <div class='ocr_carea' id='block_1_8' title="bbox 291 1619 1480 1733">
    <p class='ocr_par' dir='ltr' id='par_1_8' title="bbox 291 1619 1480 1733">
     <span class='ocr_line' id='line_1_17' title="bbox 347 1619 1480 1682; baseline -0.001 -17"><span class='ocrx_word' id='word_1_65' title='bbox 347 1620 526 1678; x_wconf 79' lang='lat' dir='ltr'><strong><em>Nulla,</em></strong></span> <span class='ocrx_word' id='word_1_66' title='bbox 571 1627 757 1682; x_wconf 70' lang='lat' dir='ltr'><strong><em>praeter</em></strong></span> <span class='ocrx_word' id='word_1_67' title='bbox 802 1619 994 1681; x_wconf 86' lang='lat' dir='ltr'><strong><em>paleam</em></strong></span> <span class='ocrx_word' id='word_1_68' title='bbox 1063 1632 1207 1665; x_wconf 88' lang='lat' dir='ltr'><strong><em>unam</em></strong></span> <span class='ocrx_word' id='word_1_69' title='bbox 1254 1619 1480 1665; x_wconf 86' lang='lat' dir='ltr'><strong><em>Decretis</em></strong></span> 
     </span>
     <span class='ocr_line' id='line_1_18' title="bbox 291 1687 586 1733; baseline 0.003 -1"><span class='ocrx_word' id='word_1_70' title='bbox 291 1687 586 1733; x_wconf 84' lang='lat' dir='ltr'><strong><em>admixtam.</em></strong></span> 
     </span>
    </p>
   </div>
   <div class='ocr_carea' id='block_1_9' title="bbox 351 1779 987 1918">
    <p class='ocr_par' dir='ltr' id='par_1_9' title="bbox 351 1779 987 1918">
     <span class='ocr_line' id='line_1_19' title="bbox 786 1779 987 1813; baseline 0.01 -2"><span class='ocrx_word' id='word_1_71' title='bbox 786 1779 987 1813; x_wconf 76' lang='lat' dir='ltr'><strong><em>PETRuS.</em></strong></span> 
     </span>
     <span class='ocr_line' id='line_1_20' title="bbox 351 1855 907 1918; baseline 0 -18"><span class='ocrx_word' id='word_1_72' title='bbox 351 1856 542 1902; x_wconf 85' lang='lat' dir='ltr'><strong><em>Fabula</em></strong></span> <span class='ocrx_word' id='word_1_73' title='bbox 556 1855 796 1918; x_wconf 87' lang='lat' dir='ltr'><strong><em>fortassis</em></strong></span> <span class='ocrx_word' id='word_1_74' title='bbox 820 1863 907 1901; x_wconf 89' lang='lat' dir='ltr'><strong><em>est.</em></strong></span> 
     </span>
    </p>
   </div>
   <div class='ocr_carea' id='block_1_10' title="bbox 804 1973 976 2005">
    <p class='ocr_par' dir='ltr' id='par_1_10' title="bbox 804 1973 976 2005">
     <span class='ocr_line' id='line_1_21' title="bbox 804 1973 976 2005; baseline -0.017 0"><span class='ocrx_word' id='word_1_75' title='bbox 804 1973 976 2005; x_wconf 86' lang='lat' dir='ltr'>JULIUS.</span> 
     </span>
    </p>
   </div>
   <div class='ocr_carea' id='block_1_11' title="bbox 294 2045 1482 2306">
    <p class='ocr_par' dir='ltr' id='par_1_11' title="bbox 294 2045 1482 2306">
     <span class='ocr_line' id='line_1_22' title="bbox 359 2045 1479 2108; baseline -0.004 -15"><span class='ocrx_word' id='word_1_76' title='bbox 359 2049 414 2093; x_wconf 90' lang='lat' dir='ltr'><strong><em>Id</em></strong></span> <span class='ocrx_word' id='word_1_77' title='bbox 460 2047 534 2094; x_wconf 79' lang='lat' dir='ltr'><strong><em>vel</em></strong></span> <span class='ocrx_word' id='word_1_78' title='bbox 583 2062 649 2092; x_wconf 87' lang='lat' dir='ltr'><strong><em>ex</em></strong></span> <span class='ocrx_word' id='word_1_79' title='bbox 699 2047 879 2108; x_wconf 82' lang='lat' dir='ltr'><strong><em>meipso</em></strong></span> <span class='ocrx_word' id='word_1_80' title='bbox 919 2046 1136 2107; x_wconf 85' lang='lat' dir='ltr'><strong><em>conjicio.</em></strong></span> <span class='ocrx_word' id='word_1_81' title='bbox 1186 2045 1308 2101; x_wconf 81' lang='lat' dir='ltr'><strong><em>Quis</em></strong></span> <span class='ocrx_word' id='word_1_82' title='bbox 1355 2045 1479 2089; x_wconf 90' lang='lat' dir='ltr'><strong><em>enim</em></strong></span> 
     </span>
     <span class='ocr_line' id='line_1_23' title="bbox 294 2111 1482 2175; baseline -0.004 -15"><span class='ocrx_word' id='word_1_83' title='bbox 294 2128 450 2171; x_wconf 83' lang='lat' dir='ltr'><strong><em>sanus,</em></strong></span> <span class='ocrx_word' id='word_1_84' title='bbox 505 2123 602 2159; x_wconf 88' lang='lat' dir='ltr'><strong><em>tam</em></strong></span> <span class='ocrx_word' id='word_1_85' title='bbox 641 2113 955 2175; x_wconf 79' lang='lat' dir='ltr'><strong><em>magnificum</em></strong></span> <span class='ocrx_word' id='word_1_86' title='bbox 997 2111 1255 2174; x_wconf 85' lang='lat' dir='ltr'><strong><em>imperium</em></strong></span> <span class='ocrx_word' id='word_1_87' title='bbox 1295 2111 1482 2156; x_wconf 86' lang='lat' dir='ltr'><strong><em>cederet</em></strong></span> 
     </span>
     <span class='ocr_line' id='line_1_24' title="bbox 296 2176 1482 2241; baseline -0.006 -13"><span class='ocrx_word' id='word_1_88' title='bbox 296 2181 369 2228; x_wconf 77' lang='lat' dir='ltr'><strong><em>vel</em></strong></span> <span class='ocrx_word' id='word_1_89' title='bbox 387 2181 557 2241; x_wconf 82' lang='lat' dir='ltr'><strong><em>patri?</em></strong></span> <span class='ocrx_word' id='word_1_90' title='bbox 583 2180 681 2226; x_wconf 89' lang='lat' dir='ltr'><strong><em>Sed</em></strong></span> <span class='ocrx_word' id='word_1_91' title='bbox 711 2188 868 2225; x_wconf 89' lang='lat' dir='ltr'><strong><em>tamen</em></strong></span> <span class='ocrx_word' id='word_1_92' title='bbox 893 2178 1033 2225; x_wconf 75' lang='lat' dir='ltr'><strong><em>valde</em></strong></span> <span class='ocrx_word' id='word_1_93' title='bbox 1058 2178 1172 2223; x_wconf 86' lang='lat' dir='ltr'><strong><em>libet</em></strong></span> <span class='ocrx_word' id='word_1_94' title='bbox 1195 2176 1403 2233; x_wconf 87' lang='lat' dir='ltr'><strong><em>credere,</em></strong></span> <span class='ocrx_word' id='word_1_95' title='bbox 1434 2185 1482 2222; x_wconf 88' lang='lat' dir='ltr'><strong><em>et</em></strong></span> 
     </span>
     <span class='ocr_line' id='line_1_25' title="bbox 298 2243 1478 2306; baseline -0.004 -14"><span class='ocrx_word' id='word_1_96' title='bbox 298 2247 499 2292; x_wconf 89' lang='lat' dir='ltr'><strong><em>curiosis</em></strong></span> <span class='ocrx_word' id='word_1_97' title='bbox 534 2247 634 2292; x_wconf 79' lang='lat' dir='ltr'><strong><em>hcec</em></strong></span> <span class='ocrx_word' id='word_1_98' title='bbox 671 2246 898 2306; x_wconf 85' lang='lat' dir='ltr'><strong><em>refellere</em></strong></span> <span class='ocrx_word' id='word_1_99' title='bbox 928 2244 1205 2290; x_wconf 81' lang='lat' dir='ltr'><strong><em>conantibus</em></strong></span> <span class='ocrx_word' id='word_1_100' title='bbox 1234 2243 1478 2289; x_wconf 87' lang='lat' dir='ltr'><strong><em>silentium</em></strong></span> 
     </span>
    </p>
   </div>
  </div>
 </body>
</html>
