1508 2671
295 198 368 253 74
801 178 980 234 Julius

290 297 399 343 dem
421 297 478 343 ob
499 296 763 357 malefacta
788 309 877 341 non
896 301 1072 356 potest,
1100 293 1144 340 si
1168 292 1227 338 oh
1251 291 1350 337 haec
1373 304 1479 352 quoe

291 364 404 410 dixi
429 378 518 409 non
537 369 714 426 potest.

719 514 726 520 .
800 486 978 518 JULIUS.

352 562 424 609 Oh
445 562 627 607 crimen
653 560 888 606 hoereseos
911 576 923 604 :
951 568 997 605 et
1027 560 1095 604 ita
1116 558 1322 613 demum,
1350 556 1395 602 si
1416 556 1482 601 sit

286 628 478 689 publice
493 626 746 673 convictus.
776 627 955 672 Verum
979 625 1029 670 id
1049 639 1230 686 quoque
1240 623 1481 683 frivolum

292 702 383 751 est,
432 708 581 755 neque
626 693 699 737 vel
748 692 991 737 tantillum
1033 691 1180 753 officit
1219 688 1481 750 pontificiae

292 759 558 820 majestati.
593 758 820 805 Primum
853 758 927 802 illi
960 758 1007 803 in
1031 771 1175 803 manu
1208 764 1290 813 est,
1323 755 1481 816 legem

293 826 449 887 ipsam
484 827 741 887 abrogare,
782 824 825 870 si
860 824 1018 870 minus
1046 823 1252 886 placeat.
1293 820 1483 866 Deinde

291 893 397 953 quis
430 892 558 938 ausit
593 894 849 938 Summum
885 890 1166 953 Pontificem
1208 889 1254 933 in
1301 888 1481 932 crimen

292 974 475 1017 vocare,
508 958 785 1020 praesertim
821 965 889 1002 tot
921 965 1165 1002 armatum
1192 953 1482 1016 praesidiis?

291 1026 371 1072 Ad
405 1026 506 1070 hoec
539 1024 583 1071 si
604 1025 746 1085 forte
764 1031 1024 1084 prematur
1053 1020 1287 1078 Concilio,
1306 1019 1483 1081 facilis

276 1101 365 1137 ‘est
396 1090 664 1153 palinodia,
709 1089 755 1135 si
788 1089 997 1151 inficiari
1035 1103 1124 1133 non
1168 1088 1325 1132 liceat.
1362 1087 1482 1131 Pos-

295 1168 446 1204 tremo
465 1157 599 1203 mille
615 1164 724 1201 sunt
740 1155 958 1212 cuniculi,
981 1153 1315 1215 quibusfacile
1329 1152 1484 1214 possit

294 1224 432 1282 elabi,
462 1222 512 1269 ni
530 1236 733 1284 prorsus
757 1221 902 1283 stipes
926 1221 1005 1279 sit,
1036 1236 1126 1267 non
1153 1221 1308 1265 homo.

794 1535 985 1567 PETRUS.

355 1614 454 1662 Sed
479 1613 556 1658 dic
581 1612 701 1658 mihi
728 1625 823 1673 per
846 1608 1148 1672 pontificiam
1175 1607 1479 1670 dignitatem,

298 1681 404 1744 quis
430 1681 564 1742 leges
591 1679 708 1725 istas
737 1685 835 1723 tam
853 1675 1124 1739 praeclaras
1147 1673 1397 1720 condidit?

808 1794 984 1827 JULIUS.

361 1872 481 1929 Quis
513 1871 639 1916 alius
672 1869 765 1915 nisi
784 1870 907 1931 sons
940 1868 1102 1930 legum
1128 1866 1354 1924 omnium,
1382 1867 1483 1910 Ro-

300 1953 471 1984 manus
501 1937 774 1998 Pontifex?
797 1934 949 1996 Atqui
979 1933 1191 1995 ejusdem
1226 1941 1296 1978 est
1329 1932 1485 1993 legem

300 2007 565 2066 abrogare,
610 2001 940 2063 interpretari,
985 2000 1211 2057 dilatare,
1252 1998 1485 2044 constrin-

299 2086 432 2134 gere,
464 2079 695 2131 utcunque
718 2069 872 2116 visum
897 2075 969 2114 est
991 2067 1093 2114 suis
1113 2065 1347 2128 expedire
1363 2079 1487 2109 com-

303 2137 473 2186 modis.

802 2221 995 2256 PETRUS.

362 2299 577 2346 Felicem
622 2298 841 2359 profecto
888 2294 1190 2357 Pontificem,
1238 2294 1280 2340 si
1330 2293 1487 2354 legem
