1508 2671
291 155 367 209 44
795 136 973 191 Julius

290 254 560 300 auriculam
590 255 763 315 absque
793 253 961 315 gladio
991 253 1274 315 amputasti,
1315 253 1467 300 credo.

786 452 981 483 PETRUS.

349 527 558 573 Memini
595 536 639 571 et
674 541 897 589 agnosco,
927 525 1011 570 sed
1037 534 1144 571 tunc
1168 540 1262 586 pro
1287 526 1475 587 magis—

293 604 367 639 tro
394 594 590 640 Christo
605 593 903 655 pugnabam,
923 607 1011 637 non
1032 607 1125 653 pro
1150 607 1248 636 me:
1265 607 1358 653 pro
1379 592 1478 638 vita

291 660 506 716 Domini,
541 674 630 704 non
656 675 750 720 pro
783 659 1007 710 nummis,
1022 667 1104 703 aut
1136 659 1311 703 ditione
1339 673 1475 704 secu-

294 726 406 771 lari.
421 726 778 787 Etpugnabam
791 725 997 771 nondum
1011 725 1478 786 Pontifex,promis-

292 794 359 838 sis
374 793 633 837 dumtaxat
657 792 881 848 clavibus,
904 791 1111 836 nondum
1126 792 1345 852 acceptis,
1373 806 1478 835 non-

293 860 407 904 dum
428 867 620 920 accepto
641 859 829 919 Spiritu
850 861 1039 904 Sancto.
1063 859 1111 902 E
1115 867 1131 901 t
1146 867 1301 902 tamen
1310 859 1479 918 jussus

292 940 399 972 sum
441 925 718 983 recondere,
764 934 810 969 et
843 925 1012 985 palam
1053 924 1347 982 admonitus,
1393 925 1477 969 lzoc

290 1006 471 1053 pugnae
516 1005 667 1053 genus
711 1007 798 1036 non
847 992 1094 1037 convenire
1136 991 1473 1047 sacerdotibus,

295 1059 391 1102 imo
406 1072 462 1102 ne
483 1057 775 1108 Christianis
791 1058 995 1118 quidem.
1019 1059 1195 1103 Verum
1211 1058 1309 1102 lzcec
1323 1057 1475 1112 alias:

294 1139 379 1168 cur
418 1133 515 1169 tam
555 1133 776 1169 accurate
818 1133 862 1168 te
901 1125 1139 1186 Ligurem
1170 1124 1476 1185 esselproedi-

294 1192 410 1236 cas?
438 1191 592 1246 Quasi
624 1191 877 1252 quicquam
903 1191 988 1235 hoe
1020 1190 1083 1235 ad
1123 1191 1310 1236 Christi
1340 1191 1477 1237 Vica-

295 1257 423 1302 rium
437 1257 695 1318 pertineat,
725 1272 817 1317 qua
840 1266 983 1320 gente
1003 1259 1064 1303 sit
1084 1257 1325 1302 oriundus.

789 1646 949 1677 JULIUS

344 1721 451 1764 Imo
477 1733 715 1765 summam
749 1720 977 1766 existimo
1000 1721 1249 1782 pietatem,
1280 1730 1500 1785 gentem,

288 1800 444 1830 meam
474 1786 756 1843 nobilitare,
771 1787 977 1849 proinde
1003 1787 1197 1832 titulum
1223 1788 1354 1845 lzunc,
1383 1803 1472 1832 nu-

287 1852 541 1910 mismatis,
577 1853 765 1910 statuis,
796 1854 1087 1915 fornicibus,
1119 1868 1175 1900 ac
1203 1854 1474 1916 parietibus

286 1919 501 1964 omnibus
529 1919 751 1968 inscribo.

786 2046 977 2077 PETRUS.
1027 2032 1029 2035 ’

340 2120 485 2181 Ergo
496 2121 716 2180 patriam
736 2120 875 2177 novit,
896 2121 977 2181 qui
985 2129 1181 2181 patrem
1200 2136 1287 2167 non
1307 2122 1470 2167 novit?

281 2185 348 2230 At
368 2200 460 2248 ego
477 2186 610 2231 initio
629 2187 858 2247 putabam
882 2195 926 2232 te
948 2187 1005 2232 de
1025 2187 1205 2233 coelesti
1224 2188 1467 2234 Hierusa-

283 2251 397 2309 lem,
443 2252 737 2299 credentium
759 2254 929 2315 patria
963 2254 1102 2315 loqui,
1148 2255 1296 2315 deque
1337 2254 1467 2299 illius
