1508 2671
287 151 304 186 1
318 132 389 187 68
495 120 499 121 ⁷
782 132 961 188 Julius

767 322 959 354 PETRUS.

340 410 508 457 Cuivis
525 410 689 472 potius
713 425 854 472 quam
893 410 981 456 tali
1020 411 1165 471 pesti.
1205 412 1340 456 Nam
1378 412 1465 456 tibi

277 477 470 539 quidem
505 491 667 523 omnes
700 477 1106 522 excommunicati
1142 491 1322 524 sumus.
1365 477 1464 525 Sed

276 544 349 590 vis
369 543 619 589 consilium
645 558 733 589 non
759 543 979 589 malum?
999 544 1141 589 habes
1166 558 1361 589 manum
1382 545 1464 589 ho-

279 611 466 655 minum
508 617 837 667 strenuorum,
887 609 1030 656 habes
1069 610 1318 671 pecuniam
1372 610 1463 655 im-

278 690 507 733 mensam,
550 689 599 721 es
635 675 736 737 ipse
777 676 923 721 bonus
959 675 1240 738 aedificator,
1286 684 1467 722 extrue

280 742 367 797 tibi
405 756 573 788 novam
604 742 818 802 aliquam
854 742 1166 799 Paradisum,
1202 742 1288 788 sed
1319 743 1466 804 probe

279 808 529 866 munitam,
562 822 621 854 ne
648 808 801 871 possit
824 822 854 853 a
878 808 1282 855 cacodoemonibus
1309 824 1462 870 expu-

277 889 441 937 gnari.

783 1082 956 1114 JULIUS.

339 1171 447 1216 Imo
471 1170 666 1231 faciam
691 1171 816 1232 quod
839 1186 915 1216 me
939 1170 1137 1233 dignius
1161 1179 1244 1228 est,
1275 1171 1484 1233 operiar,

284 1251 466 1282 menses
491 1237 686 1298 aliquot,
719 1246 765 1282 et
788 1238 940 1283 auctis
971 1238 1119 1299 copiis
1151 1238 1282 1296 meis,
1313 1239 1361 1283 vi
1390 1238 1470 1283 de-

284 1303 483 1348 turbabo
506 1318 586 1350 vos
613 1304 765 1362 istinc,
802 1304 897 1350 nisi
925 1304 971 1349 in
1001 1318 1158 1349 meam
1183 1304 1470 1350 deditionem

283 1371 503 1418 veniatis.
533 1372 706 1432 Neque
731 1371 856 1416 enim
880 1371 1041 1416 dubito
1068 1371 1179 1432 quin
1213 1371 1342 1417 brevi
1375 1371 1472 1416 sint

282 1436 347 1481 ad
380 1452 457 1481 me
489 1452 514 1482 e
547 1437 780 1483 bellorum
811 1437 1060 1500 stragibus
1088 1438 1355 1499 sexaginta
1385 1438 1467 1483 ho-

285 1503 467 1549 minum
493 1503 649 1549 millia
675 1504 765 1551 huc
781 1513 1092 1566 perventura.

777 1792 975 1825 PETRUS,

348 1881 390 1928 O
425 1889 634 1944 pestem,
686 1896 714 1927 0
759 1882 987 1928 miseram
1023 1879 1327 1926 Ecclesiam!
1373 1879 1470 1927 Sed

286 1948 414 2006 heus,
447 1949 625 1994 Genie!
646 1949 779 1993 Nam
807 1957 961 1994 tecum
987 1948 1148 2009 magis
1174 1947 1286 1992 libet
1302 1949 1467 2008 confa-

295 2014 468 2073 bulari,
495 2029 637 2076 quam
662 2029 768 2060 cum
794 2015 884 2061 isto
911 2015 1159 2060 teterrimo
1181 2021 1405 2060 monstro.

788 2162 951 2195 GENIUS

350 2250 477 2307 Quid
501 2259 569 2298 est
587 2252 615 2295 5>
