1508 2671
286 130 388 185 158
784 134 813 188 J
821 133 961 189 ulius

277 246 422 304 bonis,
459 247 544 293 sed
567 263 661 309 pro
679 249 830 309 falsis
870 251 1013 309 honiS,
1050 253 1177 299 veris
1201 262 1248 298 et
1270 258 1464 304 aeternis

278 313 548 375 locupletat,
578 324 629 359 at
653 330 742 360 non
781 316 1038 378 locupletat
1069 319 1165 365 nisi
1188 322 1331 380 prius
1361 339 1464 369 om-

278 379 414 424 nibus
438 381 581 441 liujus
606 381 773 426 mundi
796 382 927 428 bonis
948 384 1193 432 abdicatos
1217 402 1274 433 ac
1295 404 1467 450 repur-

276 454 434 507 gatos.
470 448 536 492 Ut
562 447 662 508 ipse
688 457 812 494 totus
835 458 941 494 erat
961 451 1180 511 coelestis,
1210 454 1278 499 ita
1297 471 1468 519 corpus

276 527 431 569 suum,
484 513 571 558 hoc
618 522 688 559 est
725 516 1003 562 Ecclesiam
1044 519 1122 564 sui
1162 519 1468 569 simillimam

281 592 380 624 esse
403 578 568 636 voluit,
593 579 642 624 id
666 589 749 639 est,
773 596 803 626 a
827 583 995 628 mundi
1018 587 1256 648 contagiis
1281 589 1470 636 alienis-

278 644 470 689 simam.
511 645 711 707 Alioqui
748 650 981 708 quomoa'o
1010 661 1174 713 posset
1208 668 1309 700 esse
1345 656 1470 702 idem

280 725 387 755 cum
414 711 497 756 illo
523 713 605 772 qui
629 713 761 758 sedet
787 715 832 759 in
852 716 999 773 coelis,
1025 717 1070 762 si
1091 722 1295 767 terrenis
1318 723 1473 769 adhuc

270 776 484 837 faecibus
509 778 877 841 immergatur?
903 784 1080 828 Verum
1107 785 1190 830 ubi
1201 787 1368 846 fuerit
1388 805 1474 835 ex-

282 857 473 889 cussum
508 844 569 889 ab
612 847 830 893 omnibus
873 849 1152 909 hujusmodi
1193 857 1468 915 commodis,

282 917 425 970 atque
464 911 629 970 etiam,
671 914 796 974 quod
833 915 1043 977 amplius
1081 927 1165 977 est,
1202 922 1468 983 affectibus,

283 983 383 1020 tum
427 976 629 1039 denique
670 980 896 1026 Christus
934 996 1047 1028 suas
1083 986 1302 1047 explicat
1344 1004 1469 1052 opes,

276 1057 371 1102 pro
397 1044 581 1090 relictis
613 1046 811 1092 mellitis
834 1049 949 1105 (imo
974 1050 1130 1095 multa
1163 1054 1270 1099 aloe
1298 1056 1475 1116 tinctis)

283 1109 621 1170 voluptatibus,
650 1112 912 1159 coelestium
947 1117 1242 1177 gaudiorum
1274 1132 1475 1183 gustum

285 1176 514 1236 impertit,
547 1193 642 1237 pro
668 1179 851 1234 relictis
877 1182 1045 1242 opibus
1073 1184 1216 1247 longe
1232 1198 1474 1249 praestan-

287 1250 447 1288 tiores.

795 1639 969 1674 JUL1US.

354 1709 488 1764 Quas
513 1708 704 1755 obsecro
717 1712 744 1755 ‚9

792 1839 985 1870 PETRUS.

349 1915 424 1959 Ni
450 1923 499 1960 tu
524 1917 755 1979 vulgares
784 1933 895 1980 opes
911 1930 1072 1982 putas,
1096 1925 1366 1984 prophetice
1396 1927 1480 1973 clo-

293 1995 423 2040 num,
456 1982 631 2028 donum
657 1985 884 2044 scientiae,
910 1989 1084 2034 donum
1110 1991 1476 2052 miraculorum,

293 2047 386 2091 nisi
432 2048 576 2094 vilem
619 2060 762 2110 putas
812 2053 1061 2100 Christum
1113 2058 1289 2118 ipsum,
1343 2076 1481 2121 quem

293 2113 506 2174 quisquis
564 2117 718 2175 hahet,
785 2119 831 2163 in
891 2120 991 2182 ipso
1031 2125 1249 2184 possidet
1302 2129 1476 2173 omnia.

294 2181 548 2227 Postremo
585 2183 681 2229 nisi
711 2200 794 2231 nos
826 2187 903 2232 Izic
921 2203 1188 2250 pauperem
1223 2207 1376 2254 agere
1410 2195 1481 2240 vi-

297 2254 394 2291 tam
430 2257 586 2308 putas.
631 2252 711 2297 Ita
747 2267 835 2312 quo
875 2255 1073 2316 quisque
1117 2258 1162 2303 in
1205 2261 1376 2306 mundo
1414 2270 1485 2307 est
