1508 2671
267 162 339 235 98
770 161 949 217 Julius

756 475 962 514 'PETRUS.

320 564 387 610 At
403 571 649 626 praeterea
673 563 794 625 nihil
818 566 1017 625 actum?

764 704 940 736 JULIUS.

323 784 385 829 Id
407 793 567 830 actum
592 793 665 832 est
692 784 817 846 quod
843 784 1055 847 volebam
1068 804 1084 842 ,τ
1108 784 1210 842 vici,
1239 785 1283 830 si
1313 785 1453 831 modo

266 860 431 897 nostra
454 852 614 897 valent
634 851 827 897 decreta
838 870 854 907 ,·
887 860 983 897 tres
1022 852 1130 898 illos
1166 851 1454 898 Cardinales

265 918 347 977 qui
362 918 682 980 perstiterunt
700 920 745 963 in
766 918 949 979 coeptis,
979 918 1277 963 cardinalitii
1293 918 1455 980 digni-

267 992 364 1029 tate
391 984 601 1046 publicis
632 984 916 1030 ceremoniis
956 985 1183 1046 spoliavi,·
1228 985 1459 1030 sacerdo-

266 1050 442 1095 tiorum
469 1065 635 1097 census
655 1051 769 1097 aliis
794 1051 986 1107 contuli,
1011 1066 1067 1095 ne
1082 1051 1241 1112 facile
1263 1059 1456 1112 possent

265 1117 457 1162 restitui
465 1136 482 1175 ,·
539 1117 666 1179 ipsos
728 1117 910 1162 tradidi
971 1120 1181 1176 Satanoe,
1234 1118 1453 1163 libentius

265 1192 422 1228 tamen
465 1184 571 1244 igni
618 1183 902 1244 traditurus,
947 1184 991 1229 si
1032 1184 1079 1230 in
1116 1198 1282 1230 manus
1323 1199 1453 1230 meas

265 1249 552 1296 incidissent.

757 1590 955 1622 PETRUS.

318 1671 546 1717 Attamen
585 1671 628 1718 si
653 1686 767 1718 vera
798 1685 992 1729 narras,
1038 1687 1127 1718 non
1157 1674 1307 1734 paulo
1338 1689 1451 1722 san-

260 1738 416 1784 ctiora
436 1737 657 1784 videntur
678 1737 809 1783 illius
828 1737 1125 1784 schismatici
1148 1741 1452 1787 conciliabuli

260 1804 466 1862 decreta,
492 1820 633 1866 quam
664 1804 736 1849 tui
765 1805 1062 1850 sacrosancti
1085 1807 1301 1865 conciliz';
1327 1809 1450 1854 unde

260 1871 382 1916 nihil
412 1871 568 1917 adhuc
589 1871 724 1916 video
746 1870 1001 1932 prodiisse,
1041 1872 1136 1917 nisi
1173 1874 1328 1921 minas
1365 1884 1448 1936 tr·-

260 1938 497 1995 rannicas,
525 1937 860 1983 execrationes
890 1945 935 1982 et
960 1945 1068 1983 astu
1102 1940 1312 1986 mixtam
1338 1957 1449 1987 cru—

259 2005 523 2050 delitatem.
572 2005 631 2050 Si
676 2006 886 2050 Satanas
931 2004 1040 2065 fuit
1088 2008 1262 2052 author
1318 2008 1449 2055 illius

258 2071 575 2128 conciliabuli,
613 2071 817 2132 propius
855 2071 1152 2118 videturad
1197 2074 1446 2120 Christum

257 2138 496 2195 accedere,
526 2153 669 2199 quam
693 2137 911 2199 Spiritus·
941 2138 1022 2182 ille
1047 2139 1200 2185 nescio
1231 2142 1334 2203 quis
1367 2143 1447 2203 qui

259 2203 398 2249 modo
419 2213 628 2251 vestrum
656 2204 931 2250 moderatus
953 2212 1024 2250 est
1047 2206 1315 2254 concilium.
