1508 2671
277 141 352 194 40
782 121 961 177 Julius

277 241 323 285 in
342 239 516 300 praelio
554 240 782 285 adversus
822 240 1040 296 Venetos,
1073 238 1294 299 plerique
1332 238 1462 299 apud

276 308 585 352 Ravennam:
626 306 793 367 quibus
834 305 1062 361 omnibus,
1106 305 1180 349 vel
1216 319 1281 348 ex
1315 312 1459 365 pacto

277 372 691 433 indulgentiarum
740 371 937 415 debetur
978 371 1162 416 coelum.
1211 370 1459 431 Siquidem

266 439 567 500 jampridem
615 438 807 499 magnis
857 437 997 483 bullis
1043 452 1148 483 sunz
1193 437 1454 498 pollicitus,

278 513 409 550 recta
443 505 488 549 in
515 505 685 549 coelum
718 504 1012 561 evolaturos,
1041 503 1300 563 quicunque
1334 501 1460 548 Julii

276 571 503 644 auspiciis
539 578 836 633 pugnarent,
865 570 1009 616 etiam
1038 584 1323 631 quaecunque
1361 568 1460 615 vita

271 646 614 700 proeCCSSl-S'Sel.

781 835 977 867 PETRUS.

329 910 543 956 Proinde
588 918 814 971 quantum
865 910 1140 969 conjectura
1177 921 1452 968 consequor,

275 992 340 1022 ex
377 977 482 1023 istis
507 985 656 1032 erant,
687 976 768 1037 qui
806 976 924 1020 milii
962 976 1138 1037 saepius
1177 982 1287 1019 ante
1325 982 1458 1018 tuum

273 1043 524 1089 adventum
558 1042 748 1088 molesti
772 1043 982 1103 suerunt
1012 1048 1136 1102 (cum
1176 1042 1266 1086 huc
1300 1049 1456 1084 tamen

273 1125 363 1155 non
413 1110 459 1156 vi
518 1117 804 1155 conarentur
860 1109 1164 1169 irrumpere),
1203 1106 1457 1169 plumbeas

272 1177 501 1238 quasdam
528 1175 683 1222 bullas
709 1183 1011 1221 ostentantes.

782 1294 957 1324 JULIUS.

329 1370 470 1432 Ergo
495 1383 583 1414 non
609 1367 866 1424 admisisti,
893 1375 1121 1428 quantum
1150 1365 1331 1411 audio?

764 1508 956 1539 PETRUS.

326 1586 442 1646 Ego
491 1585 588 1628 ne?
634 1598 691 1627 ne
738 1597 883 1626 unum
916 1581 1108 1642 quidem
1155 1580 1295 1625 istius
1340 1593 1455 1625 sane

267 1650 477 1714 generis
511 1651 625 1694 Non
661 1649 728 1693 ita
772 1663 848 1693 me
887 1648 1046 1692 docuit
1083 1647 1198 1692 Clzr
1190 1647 1321 1703 i,stus
1369 1646 1454 1692 lias

257 1719 401 1779 sores
440 1716 724 1777 aperiendas
770 1715 857 1770 his,
903 1714 984 1774 qui
1024 1712 1223 1774 plumbo
1276 1726 1454 1774 graves

266 1784 507 1829 adducunt
547 1782 720 1838 bullas,
765 1780 850 1826 sed
874 1781 955 1841 qui
991 1779 1138 1824 nudos
1175 1780 1447 1835 vestierunt,

265 1850 527 1896 esurientes
544 1856 794 1910 paverunt,
823 1847 1093 1893 sitientibus
1121 1854 1289 1907 potum
1315 1845 1454 1889 dede-

267 1925 391 1973 runt,
430 1916 640 1976 captivos
675 1914 949 1970 inviserunt,
984 1912 1277 1973 peregrinos
1311 1911 1454 1956 colle-

264 1991 453 2045 gerunt.
491 1982 690 2027 Etenim
715 1981 760 2025 si
785 1994 861 2025 eos
891 1994 1073 2039 quoque
1098 1978 1249 2024 voluit
1280 1978 1452 2023 exclu-

263 2050 389 2105 dere,
435 2049 516 2109 qui
553 2048 599 2092 in
637 2047 824 2092 nomine
859 2060 945 2091 suo
970 2046 1339 2106 prophetarunt,
1370 2045 1452 2104 qui

265 2115 503 2160 doemonia
546 2115 801 2174 ejecerunt,
842 2112 924 2172 qui
954 2112 1100 2173 signa
1119 2112 1361 2171 fecerunt,
1401 2119 1451 2154 tu

264 2196 424 2228 censes
468 2180 807 2236 admittendos,
856 2178 935 2239 qui
980 2176 1309 2222 tantummodo
1360 2176 1450 2222 huc

269 2248 448 2294 bullam
473 2248 703 2310 afferunt,
725 2245 849 2292 Julii
873 2244 1098 2290 nomine?
