1508 2671
265 175 371 229 104
762 156 941 213 Julius

255 273 437 331 Gallos,
475 282 524 320 et
553 274 722 320 horum
761 288 948 336 regem,
981 288 1120 334 quem
1153 274 1302 320 vestri
1333 288 1440 319 ma-

241 342 381 402 jores
445 340 855 387 Christianissimi
915 340 1051 385 titulo
1110 339 1442 386 decorarunt?

245 407 523 469 praesertim
560 421 666 452 cum
706 406 901 451 illorum
935 406 1187 468 prcesidiis
1224 406 1442 468 fatearis

253 481 299 518 et
320 473 503 519 vixisse
528 480 588 530 te,
610 480 655 517 et
679 472 743 517 ad
766 472 909 517 istam
923 472 1183 533 plusquam
1211 472 1441 533 imperia—

253 539 346 585 lem
390 553 615 585 coronam
657 546 883 595 evectum,
930 538 1131 600 denique
1174 538 1441 585 Bononiam

253 613 300 650 et
323 605 531 666 reliquas
556 604 698 650 urbes
732 604 986 666 recepisse,
1015 605 1258 650 domuisse
1297 606 1440 650 Vene-

254 680 324 717 tos
348 671 566 716 omnibus
595 671 806 716 invictos.
848 670 1097 726 Quomodo
1130 679 1199 716 tot
1228 679 1325 716 tam
1363 685 1441 716 re-

250 737 457 784 centium
494 736 782 782 meritorum
807 737 988 782 abolita
1013 737 1284 783 memoria?
1311 737 1441 793 Quo*

251 802 392 849 modo
417 810 485 848 tot
507 802 709 849 discissa
719 802 965 863 foedera?
1047 807 1049 809 ’

744 1066 924 1102 JULIUS.

306 1143 462 1189 Istam
488 1141 741 1202 explicare
756 1141 987 1202 fabulam
1008 1141 1302 1203 perlongum
1318 1142 1436 1203 sue-
1485 1144 1490 1148 ”

249 1208 317 1254 rit
341 1224 354 1252 :
380 1222 545 1253 verum
572 1215 625 1252 ut
648 1207 931 1252 summatim
965 1207 1139 1266 dicam,
1166 1207 1285 1252 nihil
1307 1222 1338 1252 a
1361 1223 1439 1254 me

248 1282 471 1320 novatum
495 1281 580 1332 est,
606 1272 692 1319 sed
715 1273 840 1334 quod
861 1273 972 1333 Jam
997 1273 1113 1319 olim
1137 1273 1298 1319 animo
1316 1289 1436 1336 par-

250 1341 501 1398 turieram,
547 1348 646 1385 tum
686 1353 870 1400 parere
917 1340 1056 1402 coepi.
1107 1340 1247 1397 Quod
1295 1349 1438 1386 antea

248 1406 390 1452 rebus
430 1406 499 1451 ita
533 1405 839 1468 poscentibus
885 1405 1265 1464 dissimularam,
1329 1415 1439 1452 tunc

247 1472 435 1536 aperui.
482 1471 643 1519 Gallis
689 1486 927 1532 nunquam
989 1487 1057 1518 ex
1108 1472 1270 1518 animo
1326 1473 1440 1523 bene

245 1539 388 1596 volui,
417 1538 504 1584 hoc
542 1538 630 1583 tibi
661 1538 720 1584 de
754 1538 940 1599 tripode
975 1538 1156 1584 dictum
1182 1547 1317 1601 puta,
1353 1554 1438 1585 nec

247 1605 376 1652 ullus
406 1605 563 1651 Italus
595 1619 662 1650 ex
697 1604 860 1650 animo
901 1604 1015 1656 bene
1044 1605 1146 1651 vult
1178 1605 1433 1663 Barbaris,

247 1686 337 1717 non
367 1671 589 1717 Hercule
619 1671 783 1732 magis
807 1684 951 1731 quam
987 1670 1127 1732 lupus
1154 1671 1312 1733 agnis.
1340 1671 1438 1718 Sed

248 1751 340 1798 ego
368 1751 459 1782 non
490 1736 648 1783 Italus
668 1735 824 1793 modo,
849 1750 1015 1782 verum
1042 1737 1188 1782 etiam
1215 1738 1437 1783 Genuen-

245 1804 327 1861 sis,
358 1803 593 1864 tantisper
627 1802 727 1848 illis
758 1802 929 1848 utebar
959 1803 1145 1861 amicis,
1174 1803 1288 1848 dum
1322 1818 1438 1865 opus

247 1877 371 1915 esset
396 1869 593 1915 illorum
617 1867 900 1926 ministerio,
928 1868 1308 1929 quandoquidem
1334 1871 1438 1916 hac·
1476 1895 1479 1898 ·

248 1944 381 1981 tenus
409 1935 637 1980 utendum
673 1949 820 1996 opera
849 1935 1202 1984 Barbarorum.
1241 1937 1436 1982 Interea

246 2001 400 2047 multa
425 2001 526 2058 tuli,
556 2000 709 2046 multa
743 2000 1060 2059 dissimulavi,
1101 2002 1256 2047 multa
1274 2002 1432 2064 finxi,

246 2067 445 2129 denique
472 2081 647 2129 passus
672 2081 780 2113 sum
805 2075 849 2111 et
863 2067 995 2128 seci‚·
1027 2082 1191 2113 verum
1228 2068 1308 2113 ubi
1321 2069 1433 2129 jam

246 2147 325 2179 res
365 2134 412 2179 in
444 2148 553 2179 eum
592 2147 743 2195 prope
782 2133 936 2178 locum
974 2133 1190 2179 deductae
1227 2143 1354 2192 sunt,
1385 2135 1432 2179 in

246 2214 385 2262 quem
424 2199 654 2257 volebam,
701 2207 955 2261 supererat
1003 2208 1056 2244 ut
1095 2214 1205 2245 vere
1245 2200 1432 2247 Julium

246 2280 461 2328 agerem,
489 2274 728 2327 totamque
753 2265 887 2311 illam
909 2267 1431 2329 Barbarorumsoecem
