1508 2671
278 158 384 227 154
773 158 950 214 Julius
978 116 981 117 γ

268 283 487 320 catorum
536 275 694 321 millia
747 276 1059 339 congesserit.
1100 277 1319 338 Denique
1372 293 1454 324 nos

268 356 376 386 cum
405 342 602 388 Christo
623 351 909 404 perpetuum
919 345 1032 404 Jam
1057 352 1255 405 agentes
1280 345 1454 390 trium-

260 409 413 469 phum
469 409 691 455 laudibus
737 419 1098 471 prosequuntur
1145 420 1190 455 et
1229 411 1361 468 mali,
1410 420 1456 457 te

269 490 407 520 nemo
444 491 532 520 non
570 477 891 535 execrabitur,
929 477 1022 523 nisi
1055 477 1130 523 vel
1165 478 1236 522 tui
1257 478 1449 530 similis,

269 542 345 587 vel
368 542 607 587 adulator.

777 934 950 965 JULIUS.

329 1008 451 1052 Rem
480 1006 747 1053 inauditam
773 1008 931 1053 audio.

766 1134 963 1167 PETRUS.

334 1206 507 1263 Credo,
530 1220 641 1251 nam
660 1207 743 1268 qui
760 1207 1037 1268 tibisuz’sset
1053 1209 1203 1254 otium
1225 1211 1455 1272 Evange-

275 1274 391 1318 licas
423 1274 637 1319 evolvere
669 1274 851 1331 literas,
884 1276 1046 1333 Pauli,
1084 1291 1305 1338 measque
1331 1278 1457 1338 Epi-

270 1340 418 1386 stolas
442 1340 673 1395 lectitare,
704 1349 774 1386 tot
806 1341 1140 1404 legationibus,
1168 1352 1235 1389 tot
1245 1344 1457 1404 foederi-

274 1407 370 1465 bus,
399 1415 466 1452 tot
486 1407 765 1465 rationibus,
790 1416 858 1453 tot
873 1409 1181 1467 exercitibus,
1202 1419 1269 1455 tot
1284 1411 1456 1456 trium-

269 1474 376 1534 phis
433 1476 700 1535 occupato?
743 1475 813 1519 At
854 1483 1042 1521 caeterae
1086 1476 1276 1538 quidem
1327 1485 1459 1524 artes

272 1555 435 1586 omnes
469 1542 686 1585 animum
718 1541 994 1588 desiderant
1015 1543 1225 1588 sordidis
1256 1555 1458 1589 vacuum

272 1607 434 1652 curis.-
465 1607 651 1653 Christi
673 1623 784 1654 vero
809 1608 1078 1670 disciplina,
1100 1618 1269 1670 pectus
1293 1611 1458 1672 requi-

273 1674 340 1718 rit
373 1674 433 1718 ab
469 1675 599 1719 omni
629 1675 853 1736 contagio
886 1684 1090 1721 terrena³
1122 1676 1459 1723 sollicitudinis

263 1740 692 1802 purgatissimum.
728 1743 837 1787 Nec
859 1742 987 1787 enim
1021 1750 1181 1789 tantus
1210 1743 1462 1805 Magister

272 1822 297 1851 e
333 1807 451 1851 coelo
475 1807 715 1853 descendit
749 1808 795 1852 in
832 1816 1004 1866 terras,
1045 1817 1098 1853 ut
1123 1809 1330 1869 facilem
1365 1810 1459 1854 ali-

272 1888 430 1934 quam,
460 1882 544 1918 aut
566 1874 823 1935 vulgarem
854 1875 1217 1936 Philosophiam
1245 1876 1462 1921 traderet

272 1940 571 1986 mortalibus.
597 1942 712 1985 Non
738 1941 890 1987 otiosa
911 1957 1058 2004 neque
1077 1957 1247 1989 secura
1259 1943 1459 2004 profes-

271 2008 342 2052 sio
369 2015 451 2064 θεῖ,
483 2021 583 2053 esse
607 2008 939 2054 Christianum
954 2029 969 2067 ‚-
1005 2010 1271 2071 voluptates
1299 2025 1460 2055 omnes

271 2089 354 2119 ceu
388 2089 617 2119 venenum
653 2076 921 2135 aspernari,
958 2076 1151 2123 divitias
1171 2077 1373 2137 perinde
1407 2085 1459 2121 ut

274 2141 427 2185 lutum
475 2141 676 2198 calcare,
717 2142 865 2186 vitam
906 2157 1000 2202 pro
1048 2143 1197 2188 nihilo
1241 2143 1416 2187 ducere

273 2208 373 2252 hoec
396 2215 467 2252 est
503 2207 774 2252 Christiani
804 2209 1009 2254 hominis
1033 2210 1297 2270 professio.
1331 2211 1459 2254 Hoec

272 2275 493 2335 quoniam
516 2273 817 2320 intoleranda
842 2275 1061 2321 videntur
1077 2277 1150 2322 his
1171 2276 1254 2336 qui
1271 2276 1463 2322 Christi
