1508 2671
285 171 352 226 14
782 155 960 211 Julius

276 272 521 318 ctitatem?
550 273 834 334 Quanquam
857 287 1003 334 usque
1026 272 1146 318 adeo
1166 272 1289 318 nihil
1311 272 1462 318 inter-

278 352 379 385 esse
403 353 577 398 censes,
605 339 785 385 dicaris
809 348 1013 397 sanctus,
1042 353 1102 384 an
1127 339 1233 386 sis?

780 457 954 490 JULIUS.

333 531 545 576 Irritor:
572 531 616 576 si
649 531 808 577 vivere
845 530 984 575 modo
1012 530 1235 589 licuisset,
1263 545 1352 594 ego
1381 532 1467 578 tibi

277 598 420 643 istam
446 612 528 643 nec
547 599 851 643 sanctitatem
882 596 1159 655 inviderem,
1189 612 1272 644 nec
1293 599 1465 659 felici-

277 671 439 709 tatem.

774 738 968 769 PETRUS.

337 812 379 859 O
435 826 594 858 vocem
645 812 964 857 sanctissimae
1007 812 1180 857 mentis
1231 812 1434 858 indicem
1449 812 1468 867 l

275 893 545 940 quanquam
572 887 617 922 et
635 878 816 939 alioqui
832 893 923 939 ego
942 886 987 922 te
1001 878 1293 938 jamdudum
1317 879 1469 925 oculis

277 953 426 990 totum
445 945 746 1001 collustrans,
761 945 963 989 multam
984 945 1260 1005 impietatis,
1284 946 1466 990 nullam

277 1011 323 1056 in
351 1019 394 1055 te
418 1011 744 1057 sanctimoniae
769 1019 928 1055 notam
966 1011 1310 1056 animadverto.
1339 1009 1470 1067 Quid

275 1077 401 1122 enim
427 1077 519 1123 sibi
541 1078 641 1122 vult
661 1091 803 1122 novus
830 1077 918 1122 iste
949 1077 1218 1129 comitatus,
1251 1086 1349 1122 tam
1377 1092 1467 1123 non

267 1143 579 1205 pontificius?
596 1145 731 1188 Nam
756 1143 934 1205 viginti
945 1145 1113 1203 ferme
1132 1144 1287 1188 millia
1314 1153 1467 1189 tecum

275 1210 488 1267 adducis,
526 1224 609 1255 nec
644 1210 795 1254 ullum
831 1210 876 1253 in
905 1217 1037 1254 tanta
1061 1211 1300 1271 conspicio
1328 1212 1469 1256 turba

275 1277 352 1321 cui
374 1277 448 1322 vel
471 1277 628 1322 vultus
652 1276 715 1322 sit
743 1276 1067 1321 Christianus.
1093 1277 1240 1323 Video
1268 1277 1468 1323 teterri=

275 1358 405 1388 mam
432 1343 677 1388 hominum
704 1342 967 1397 colluviem,
996 1343 1116 1387 nihil
1134 1352 1320 1404 praeter
1349 1345 1471 1404 forn

274 1409 417 1466 uices,
451 1418 676 1454 temetum
717 1424 772 1453 ac
809 1409 1062 1469 pulverem
1109 1408 1469 1455 bomhardicum

274 1475 521 1521 olentium,
538 1476 775 1521 Latrones
794 1475 1071 1520 conductitii
1091 1476 1212 1521 mihi
1228 1477 1466 1531 videntur,

273 1542 346 1587 vel
384 1542 532 1587 larvae
568 1542 733 1603 potius
782 1550 1021 1595 tartareae,
1069 1542 1159 1587 huc
1197 1542 1257 1587 ab
1296 1543 1472 1604 inseris

275 1608 483 1666 emissae,
523 1617 576 1653 ut
618 1608 735 1653 coelo
779 1609 902 1653 bella
947 1618 1181 1654 moveant.
1232 1610 1347 1655 Jam
1400 1618 1470 1654 te-

277 1675 433 1736 ipsum
459 1690 549 1737 quo
576 1676 739 1736 magis
773 1690 830 1719 ac
862 1676 1023 1735 magis
1048 1676 1354 1736 contemplor,
1387 1676 1472 1721 hoc

275 1742 433 1787 minus
481 1742 633 1786 ullum
680 1742 816 1786 video
863 1742 1132 1801 Apostolici
1179 1742 1275 1787 viri
1324 1743 1471 1788 vesti-

274 1808 425 1869 gium.
456 1808 706 1869 Principio
732 1807 844 1868 quid
879 1809 965 1853 lioc
997 1809 1202 1853 monstri
1236 1817 1318 1865 est,
1349 1809 1474 1869 quod

274 1889 382 1919 cum
404 1889 608 1935 superne
632 1874 895 1919 sacerdotis
914 1883 1137 1919 ornatum
1159 1890 1321 1937 geras,
1347 1876 1473 1919 ia'em

275 1941 401 1985 intus
442 1942 595 1987 armis
636 1941 897 1986 cruentatis
926 1949 1049 1985 totus
1082 1942 1250 1986 horres
1277 1956 1471 2002 crepas-

275 2009 402 2068 que?
427 2008 507 2052 Ad
527 2008 640 2065 lzoec,
671 2023 812 2068 quam
841 2013 997 2053 truces
1019 2008 1158 2064 oculi,
1189 2023 1332 2068 quam
1359 2023 1472 2052 con-

278 2082 452 2118 tumax
489 2088 553 2131 os,
602 2089 744 2135 quam
779 2074 953 2117 minax
987 2075 1148 2133 frons,
1193 2088 1334 2134 quam
1370 2073 1470 2118 ela-

278 2149 376 2184 tum
414 2149 460 2184 et
501 2154 744 2202 arrogans
777 2139 1115 2201 supercilium!
1153 2141 1288 2185 Nam
1322 2139 1475 2201 pudet

275 2207 450 2263 dicere,
481 2221 538 2252 ac
555 2207 700 2268 piget
723 2206 917 2251 interim
943 2206 1124 2264 videre,
1149 2206 1331 2251 nullam
1371 2221 1473 2251 cor-2

269 2273 408 2334 poris
427 2282 621 2334 partem
648 2288 737 2318 non
763 2280 1128 2333 conspurcatam
1156 2272 1281 2318 notis
1300 2273 1470 2333 prodis
