1508 2671
293 123 395 176 140
789 104 966 160 Julius

283 237 393 268 nam
421 223 551 268 istcec
578 222 723 269 verba
754 230 878 268 sunt.

775 376 971 408 PETRUS.

344 451 524 508 Quibus
551 451 744 512 igitur?

790 561 964 592 JULIUS.

339 635 550 682 Palatiis
591 634 863 697 regalibus,
912 634 1044 695 equis
1088 642 1134 679 et
1170 634 1314 680 mulis
1351 635 1465 695 pul-

281 702 550 759 cherrimis,
581 701 842 762 famulitio
867 700 1282 761 frequentissimo,
1320 701 1466 761 copiis

283 767 685 824 instructissimis,
715 766 960 813 satellitiis
987 766 1256 827 exquisitis.

781 928 965 963 GENIUS.

338 1003 524 1050 Scortis
538 1002 934 1063 formosissimis,
962 997 1203 1048 lenonibus
1221 1002 1467 1065 obsequen=

283 1079 499 1115 tisszmzs⁹

788 1179 962 1211 JULJUS.

337 1254 495 1311 Auro,
535 1267 781 1315 purpura,
828 1254 1167 1317 vectigalibus,
1219 1263 1272 1299 ut
1310 1254 1467 1299 nullus

280 1321 474 1382 Regum
507 1335 596 1365 non
627 1321 823 1367 humilis
854 1334 911 1365 ac
936 1336 1124 1382 pauper
1155 1321 1388 1377 videatur,
1426 1320 1470 1366 si

280 1401 388 1432 cum
427 1387 636 1432 Romani
667 1387 917 1449 Pontifieis
953 1387 1131 1449 opibus,
1176 1388 1469 1449 strepituque

280 1454 590 1514 conferatur,·
623 1468 760 1499 nemo
803 1463 900 1499 tam
934 1454 1230 1512 ambitiosus,
1272 1454 1382 1514 quin
1419 1467 1469 1499 se

279 1520 457 1566 victum
491 1529 746 1581 agnoscat,
796 1535 933 1566 nemo
979 1529 1077 1566 tam
1124 1521 1304 1577 lautus,
1357 1520 1467 1581 quin

281 1600 420 1632 suam
465 1586 741 1632 condemnet
769 1587 1140 1648 frugalitatem,
1185 1602 1321 1633 nemo
1370 1595 1467 1631 tam

281 1661 557 1698 nummatus
584 1667 667 1698 nec
681 1654 970 1713 foenerator,
998 1654 1110 1714 quin
1140 1654 1314 1700 nostris
1348 1654 1467 1699 invi-

283 1719 393 1763 deat
417 1719 598 1780 opibus.
634 1721 759 1765 Hoec
793 1721 985 1781 inquam
1018 1729 1296 1766 ornamenta
1323 1728 1368 1765 et
1394 1728 1467 1766 tu-

284 1793 410 1831 tatus
434 1799 540 1831 sum
563 1794 608 1830 et
630 1787 766 1831 auxi.

781 2021 958 2053 PETRUS
967 2044 975 2052 .

339 2094 437 2140 Sed
461 2094 602 2140 dicito
626 2094 758 2152 mihi,
789 2095 895 2156 quis
920 2096 1130 2141 omnium
1148 2097 1339 2158 primus
1363 2096 1466 2143 istis

280 2161 574 2207 ornamentis
598 2169 646 2206 et
677 2162 942 2220 inquinavit
974 2171 1019 2207 et
1058 2164 1271 2209 oneravit
1295 2163 1465 2208 Eccle-

246 2271 252 2274 ,
280 2228 418 2284 siam,
445 2241 586 2288 quam
621 2227 846 2273 Christus
873 2229 1189 2288 purissimam
1209 2231 1397 2290 pariter
1421 2238 1467 2273 et
