1508 2671
307 165 371 218 16
807 161 982 217 Juuus

293 279 447 341 giosae
485 294 541 324 ac
575 279 905 324 abominandae
945 277 1169 323 libidinis.
1219 278 1283 323 Ut
1315 292 1372 323 ne
1411 261 1508 322 cti-ยน

294 360 415 403 cam,
456 345 580 407 quod
614 346 874 390 etiamnum
910 353 1035 390 totus
1061 349 1105 389 et
1130 352 1290 389 ructas
1315 352 1361 388 et
1385 345 1482 391 oles

294 412 541 473 crapulam
564 426 620 457 ac
643 420 882 468 temetum,
905 425 961 455 ac
985 410 1105 454 milii
1128 410 1317 469 quidem
1344 411 1482 455 modo

293 478 528 524 vomuisse
555 478 744 524 videris.
774 477 996 537 Denique
1022 476 1061 522 is
1085 485 1152 521 est
1179 476 1321 522 totius
1348 476 1482 521 liabi-

296 552 370 590 tus
409 544 638 605 corporis,
687 552 738 588 ut
780 558 868 588 non
903 551 1000 587 tam
1048 551 1191 587 cetate
1227 541 1475 599 morbisve,

294 624 436 670 quam
478 610 676 672 crapula
714 610 880 667 vietus,
923 608 1166 654 marcidus
1205 623 1262 654 ac
1284 609 1481 669 fractus

296 676 522 724 videaris.

802 881 978 913 GENIUS.

360 965 424 1011 Ut
452 963 685 1027 graphice
729 962 849 1008 hunc
883 962 983 1007 suis
1015 961 1186 1024 pinxit
1216 961 1479 1007 coloribus!

787 1094 983 1126 PETRUS.

358 1177 572 1224 Tametsi
595 1176 729 1223 video
765 1184 808 1220 te
822 1177 931 1236 jam
962 1176 1138 1221 dudum
1165 1175 1284 1221 mihi
1307 1191 1475 1238 super-

292 1245 403 1291 cilio
440 1245 715 1299 minantem,
748 1251 904 1287 tamen
938 1243 1066 1287 haud
1104 1258 1221 1303 queo
1259 1243 1473 1301 reticere,

292 1312 416 1374 quod
439 1311 604 1357 sentio.
626 1310 855 1370 Suspicor
873 1310 1317 1369 pestilentissimum
1341 1310 1478 1355 illum

290 1377 478 1424 Julium
497 1376 732 1421 ethnicum
758 1376 817 1420 ab
840 1376 1007 1435 inferis
1032 1376 1232 1422 rediisse
1246 1374 1477 1437 persona-

294 1453 407 1500 tum,
438 1452 490 1488 ut
513 1457 588 1487 me
617 1442 788 1501 rideat,
824 1442 943 1488 adeo
965 1442 1054 1488 tibi
1072 1457 1177 1489 cum
1206 1443 1287 1488 illo
1313 1458 1478 1491 conve-

293 1510 427 1556 niunt
448 1509 626 1557 omnia.

800 1649 975 1681 JULIUS.

353 1709 436 1754 Ma
459 1708 507 1754 di
532 1708 593 1754 si!

790 1826 984 1859 PETRUS.

354 1884 482 1941 Quid
505 1885 672 1930 dixit?

793 1995 973 2028 GENIUS.

350 2076 514 2122 Iratus
539 2084 625 2123 est.
651 2076 730 2121 Ad
751 2072 869 2122 hanc
892 2091 1050 2123 vocem
1073 2091 1208 2122 nemo
1233 2077 1474 2123 Cardina-

294 2141 412 2186 lium
435 2157 523 2187 non
537 2143 810 2204 fugitabat,
826 2143 1202 2203 alioquisztstem
1221 2144 1356 2189 illum
1370 2158 1474 2189 san-

292 2208 560 2255 ctissimum
578 2223 818 2268 sensurus,
841 2211 1121 2271 praesertim
1140 2225 1170 2256 a
1193 2211 1415 2257 convivio.
