1508 2671
282 177 315 232 8
789 171 963 228 Julius

783 312 955 344 JULIUS.

344 389 469 446 Quin
494 397 543 434 tu
554 389 696 450 fores
717 388 891 448 aperis,
908 393 1132 446 quantum
1138 393 1295 446 potes,·
1322 399 1463 445 quem

282 456 326 502 si
347 465 424 501 tuo
439 455 596 516 fungi
612 454 839 499 voluisses
861 452 1027 514 officio,
1052 452 1237 497 obviam
1254 452 1467 513 oportuit

283 523 478 581 vertisse,
505 521 579 568 vel
605 521 824 567 universa
849 519 1061 565 ccelitum
1079 532 1278 582 pompa.

779 718 973 750 PETRUS.

343 796 476 843 Satis
504 794 773 856 imperiose.
796 793 864 839 At
882 802 930 839 tu
951 792 1072 838 milii
1082 792 1223 854 prius
1241 792 1467 855 exponito

285 864 502 925 quisnam
523 862 604 909 sis.

777 939 966 975 JULIUS.

349 1018 501 1075 Quasi
519 1033 630 1065 vero
655 1017 754 1080 ipse
778 1031 867 1063 non
892 1017 1069 1063 videas.

755 1128 757 1130 -
782 1151 978 1181 PETRUS.

352 1225 566 1272 Videas?
589 1226 704 1287 Ego
732 1239 844 1271 vero
867 1239 1036 1270 novum
1063 1232 1109 1269 et
1130 1223 1353 1269 hactenus
1378 1238 1469 1269 non

285 1292 439 1339 visum
477 1293 800 1355 spectaculum
838 1291 995 1350 video,
1043 1306 1099 1336 ne
1140 1291 1296 1336 dicam
1333 1305 1470 1337 mon-

284 1367 457 1406 strum.

792 1483 968 1515 JULIUS.

311 1569 314 1571 ’
344 1559 412 1604 At
451 1558 542 1604 m'si
574 1559 723 1621 plane
750 1572 900 1603 coecus
919 1573 987 1615 -es,
1018 1558 1253 1620 agnoscis,
1282 1558 1463 1619 opinor,

283 1625 462 1671 clavem
478 1626 610 1683 hanc,
625 1625 860 1685 siquidem
875 1632 1174 1685 argenteam,
1191 1625 1235 1670 si
1244 1640 1468 1684 quercum

282 1707 481 1738 auream
507 1693 722 1753 ignoras,
738 1693 807 1737 Et
822 1692 951 1736 vides
967 1691 1203 1752 triplicem
1225 1706 1463 1749 coronam,

283 1774 367 1804 nec
409 1775 497 1804 non
535 1759 738 1819 undique
765 1759 975 1821 gemmis
1012 1766 1057 1803 et
1081 1773 1200 1803 auro
1237 1758 1466 1803 lucentem

275 1826 481 1887 pallam.

777 1941 973 1980 PE'TRUS.

336 2024 578 2085 Equidem
640 2031 923 2085 argenteam
990 2022 1170 2068 clavem
1233 2031 1467 2083 utcunque

278 2105 504 2153 agnosco,
530 2091 638 2136 licet
669 2099 716 2134 et
742 2090 909 2146 solam,
936 2098 980 2134 et
1005 2090 1154 2134 multo
1181 2089 1465 2135 dissimilem

280 2158 352 2214 iis,
376 2171 492 2217 quas
508 2157 623 2202 olim
639 2157 758 2201 milii
780 2170 920 2203 verus
943 2156 1024 2200 ille
1039 2157 1217 2202 Pastor
1230 2156 1466 2201 Ecclesiae

279 2224 482 2269 tradidit
508 2223 744 2270 Christus,
764 2224 921 2269 Porro
946 2237 1171 2268 coronam
1198 2223 1339 2267 istam
1366 2230 1464 2267 tam

275 2291 553 2352 superbam,
590 2291 691 2352 qui,
728 2304 909 2352 quceso,
948 2289 1132 2351 possim
1173 2303 1458 2352 agnoscere,
