1508 2671
206 135 276 190 82
665 166 673 174 «
711 133 888 191 Julius
945 197 948 199 v

204 252 409 364 {ayndum
435 267 524 299 non
551 261 634 311 est,
665 261 717 298 ut
743 267 774 298 a
805 267 895 313 quo
923 252 1108 314 passim
1141 267 1257 314 quos
1291 252 1390 299 vult

225 335 236 363 z
272 327 393 365 erat.

713 414 888 446 JULIUS.

260 496 359 543 Sed
380 504 539 542 tamen
561 504 614 540 ut
635 495 841 558 ingenue
861 495 1033 553 dicam,
1061 504 1167 541 erat
1183 495 1389 557 idpaulo

202 564 393 624 quidem
420 561 753 624 impudentius,
783 577 949 608 verum
981 577 1070 608 non
1088 562 1287 624 patebat
1312 562 1391 607 via

201 628 513 675 commodior.
533 628 724 674 Deinde
743 643 888 688 quum
907 628 1127 674 videbam
1137 629 1385 689 futurum,

201 703 256 740 ut
286 694 622 740 nonnullorum
657 694 838 741 invidia
876 694 1092 741 Concilio
1116 697 1386 756 premerer,

202 761 422 807 maxime
445 761 570 822 quod
585 761 658 807 sic
681 769 805 807 esset
836 761 1080 818 indictum,
1109 769 1163 806 ut
1185 775 1390 813 nonex-

201 828 437 884 cluderer,
466 828 551 873 sed
571 827 856 889 suppliciter
882 827 1127 884 invitarer,
1156 841 1391 888 rogarer-

201 909 290 956 que
306 893 590 956 prcesidere,
618 894 728 940 vide
751 909 893 955 quam
918 894 1031 955 jam
1065 894 1279 939 technam
1313 908 1390 938 re-

194 961 435 1023 pererim,
476 960 780 1021 superiorum
819 964 1043 1020 sequutus
1092 959 1384 1021 exemplum.

200 1029 314 1090 Ipse
341 1027 551 1073 vicissim
575 1027 708 1073 Pisis
736 1026 800 1071 ad
826 1026 1096 1073 Concilium
1116 1026 1386 1088 provocavi,

201 1108 402 1140 causans
445 1108 529 1138 nec
576 1101 761 1155 tempus
804 1108 887 1138 nec
935 1093 1090 1138 locum
1129 1093 1250 1139 satis
1291 1106 1391 1137 esse

204 1161 423 1205 idoneum
455 1174 593 1221 quem
628 1160 704 1204 illi
720 1160 1111 1221 proestituissent,
1141 1167 1189 1204 et
1218 1160 1391 1204 Romce

201 1227 356 1273 subito
385 1226 654 1272 Concilium
681 1226 856 1283 indixi,
893 1241 982 1286 quo
1017 1226 1254 1271 neminem
1283 1240 1392 1271 ven-

203 1302 363 1338 turum
400 1291 679 1337 arbitrabar
720 1292 853 1338 Julio
894 1306 982 1337 non
1025 1292 1260 1348 amicum,
1305 1299 1391 1336 aut

200 1368 331 1404 certe
372 1373 462 1403 non
509 1358 940 1404 obsecundaturum
981 1358 1097 1404 :sic
1142 1358 1270 1403 enim
1311 1372 1390 1403 eos

201 1425 367 1471 multis
403 1425 643 1488 exemplis
678 1425 935 1470 docueram
955 1442 968 1469 :
999 1439 1056 1471 ac
1079 1424 1305 1486 protinus
1342 1425 1389 1469 in

201 1492 323 1537 hunc
339 1506 476 1538 usum
497 1491 767 1554 complures
788 1491 1078 1537 Cardinales
1098 1490 1257 1537 creavi
1270 1491 1390 1536 meis

203 1558 435 1604 institutis
457 1558 803 1605 accommodos.

705 1888 888 1920 GENIUS.

260 1971 372 2015 Hoc
393 1978 463 2015 est
476 1964 945 2031 facinorosissimos.

711 2101 886 2132 JULIUS.
914 2111 917 2114 ·

222 2225 223 2228 ,
259 2185 474 2230 Rursum
515 2182 906 2229 hochoncilium
946 2182 1041 2228 nisi
1080 2181 1382 2238 indixissem,

207 2250 477 2296 Concilium
503 2264 593 2295 non
607 2249 806 2311 fuisset,
840 2257 886 2293 et
919 2247 1235 2306 tamenhaud
1266 2262 1385 2308 qua-
