1508 2671
276 149 347 204 35
781 144 956 203 Julius

327 266 473 310 Nunc
496 264 564 309 sic
585 264 643 309 de
669 265 885 322 Christo,
916 264 986 310 sic
1011 264 1070 308 de
1088 264 1326 309 Ecclesiae
1352 277 1453 307 nze—

272 331 367 376 rito
399 330 628 392 pontifici,
671 345 884 391 gravare
914 330 1022 374 coeli
1049 331 1194 390 sores
1226 330 1454 391 aperire?

270 398 429 457 Atque
467 397 566 441 lzcec
601 397 760 459 inagis
793 396 1063 452 mirabitur,
1091 397 1172 456 qui
1189 395 1457 457 perpendet

272 478 349 508 me
392 463 476 507 lzoc
514 463 668 507 solum
710 463 862 507 animi
912 462 1088 508 virtute
1127 459 1449 523 perpetrasse,

270 530 415 575 nullis
439 529 549 573 aliis
574 529 794 589 adjutum
824 527 1144 586 adminiculis,
1176 529 1342 590 quibus
1367 528 1457 572 alii

260 597 378 656 fere
412 595 578 642 solent.
622 597 735 639 Non
774 594 1034 651 natalibus,
1075 610 1217 655 quum
1256 610 1313 640 ne
1354 595 1455 655 ipse

264 671 458 723 patrem
494 661 721 718 noverim,
764 661 889 722 quod
924 661 1112 722 quidem
1152 661 1215 705 ad
1241 662 1455 722 gloriam

271 743 430 773 meanz
463 727 696 772 dixerim.
725 729 840 772 Non
856 729 1195 787 sornza,quu1n
1223 728 1454 773 larvalem

260 795 449 856 faciem
483 808 641 839 omnes
668 794 963 839 horruerint.
997 795 1110 838 Non
1139 794 1308 851 literis,
1340 808 1457 855 quas

270 875 509 921 nunquam
535 861 699 922 attigi.
736 862 849 905 Non
875 860 1088 922 corporis
1108 861 1304 917 viribus,
1334 861 1458 921 quod

269 928 388 971 milzz'
436 927 530 971 tale
561 927 752 986 quidem
784 927 1002 988 contigit,
1056 927 1195 986 quale
1234 927 1457 988 superius

270 993 517 1054 descripsi.
564 995 678 1038 Non
726 993 884 1039 aetatis
912 994 1112 1053 favore,
1157 1007 1308 1038 senex
1358 993 1457 1038 haec

269 1060 416 1120 gessi.
461 1060 575 1104 Non
615 1059 968 1120 popularitate,
1021 1074 1131 1104 nam
1176 1075 1312 1104 nemo
1367 1074 1455 1103 non

271 1125 449 1170 oderat.
482 1126 595 1170 Non
630 1125 899 1182 clementia,
927 1125 1007 1185 qui
1026 1126 1144 1170 adeo
1167 1125 1357 1186 fuerim
1384 1125 1456 1169 in—

271 1191 549 1248 exorabilis,
582 1199 633 1235 ut
656 1192 701 1235 in
721 1206 799 1237 eos
813 1206 994 1252 quoque
1014 1192 1268 1248 scevierinz,
1292 1191 1457 1251 quibus

269 1258 359 1303 alii
388 1258 540 1303 solent
564 1258 723 1303 onznia
736 1259 1038 1319 permittere.

765 1516 961 1548 PETRUS,

335 1588 465 1646 Quid
490 1590 575 1636 lzoc
593 1589 666 1635 rei
686 1592 793 1636 est?

776 1696 954 1747 omos,

329 1791 441 1836 Hoc
464 1790 656 1836 tametsi
695 1788 869 1836 durum
894 1789 1095 1848 videtur,
1131 1790 1275 1836 molle
1316 1789 1457 1851 quid»

274 1856 386 1903 dani
406 1865 490 1904 est„

786 1982 958 2015 JULIUS.

333 2057 430 2104 Sed
469 2056 730 2102 reluctante
761 2058 983 2117 fortuna,
1024 2066 1179 2116 cetate,
1236 2072 1453 2122 corpore,

278 2123 483 2170 breviter
520 2124 634 2169 Diis
670 2132 810 2184 atque
841 2124 1124 2181 hominibus,
1166 2125 1266 2170 solo
1301 2133 1457 2170 tamen

276 2206 383 2236 meo
411 2191 581 2251 fretus
622 2190 813 2251 ingenio
857 2199 904 2235 et
942 2191 1182 2251 pecuniis,
1229 2192 1329 2236 lzoec
1360 2200 1457 2236 tam

275 2257 442 2319 paucis
458 2256 594 2302 annis
613 2256 759 2318 gessi,
787 2265 918 2302 tanta
933 2257 1103 2302 relicta
1121 2258 1329 2303 materia
1350 2271 1459 2319 pos-
