1508 2671
271 159 374 215 156
772 154 951 211 Jufius

258 274 432 337 spiritu
463 289 552 321 non
579 281 811 336 aguntur⁷
840 271 904 317 ad
930 270 1095 317 inania
1118 269 1339 332 qua'dam
1371 283 1451 316 νο-

261 342 446 399 cabula,
485 354 740 401 merasque
774 338 1068 384 ceremonias
1100 337 1374 398 deflectunt,
1409 344 1455 381 et

255 416 443 478 fictitio
470 414 621 478 capiti
655 413 844 460 Christi
864 412 1109 474 fictitium
1137 410 1320 456 addunt
1346 424 1453 456 cor-

260 497 365 544 pus.

780 805 954 837 JULIUS.

334 886 465 945 Quid
492 886 680 932 tandem
712 886 821 932 honi
845 886 964 931 mihi
985 885 1221 946 reliquum
1243 883 1396 944 facis,
1418 883 1461 929 si

277 969 353 1000 me
378 954 588 1000 nummis
610 954 767 1010 exuis,
789 953 834 999 si
858 967 1009 1014 regno
1034 952 1228 1014 spolias,
1249 951 1294 997 si
1310 950 1462 996 nudas

266 1022 477 1083 foenore,
509 1020 553 1066 si
586 1019 906 1082 voluptatibus
931 1019 1138 1077 abdicas,
1170 1018 1214 1065 si
1247 1018 1345 1064 vita
1379 1016 1461 1062 de-

278 1088 418 1148 nique
435 1087 648 1148 privas?

772 1278 972 1309 PETRUS.

341 1362 469 1419 Quin
496 1369 546 1406 tu
573 1361 740 1424 igitur·
765 1361 920 1422 ipsum
950 1359 1196 1406 Christum
1225 1359 1466 1420 infelicem

271 1428 582 1490 pronuncias,
613 1427 695 1488 qui
719 1442 825 1473 cum
851 1435 975 1473 esset
998 1426 1208 1472 omnium
1234 1440 1462 1482 summus,

280 1494 542 1540 ludibrium
580 1495 752 1555 sactus
792 1502 863 1540 est
898 1493 1142 1550 omnium‚·
1181 1493 1226 1538 in
1254 1507 1468 1553 pauper-

281 1570 398 1619 tate,
435 1561 712 1619 sudoribus,
743 1561 973 1621 jejuniis,
1014 1559 1117 1616 siti,
1146 1560 1289 1620 fame
1320 1559 1468 1605 vitam

281 1642 469 1673 omnem
484 1627 714 1689 peregit‚·
739 1627 938 1688 denique
955 1635 1110 1672 morte
1131 1625 1342 1671 omnium
1357 1639 1471 1687 pro-

284 1694 569 1740 brosissima
594 1694 849 1755 defunctus
874 1695 981 1740 est?

791 1827 965 1858 JULIUS.

341 1901 559 1947 Inveniet
579 1901 800 1961 fortasse
832 1901 915 1962 qui
939 1900 1112 1957 laudet,
1151 1900 1233 1961 qui
1257 1899 1472 1946 imitetur

286 1968 538 2023 neminem,
569 1968 643 2014 his
665 1982 780 2014 sane
807 1967 1113 2030 temporibus.

789 2132 981 2163 PETRUS.

348 2212 500 2273 Atqui
523 2213 609 2258 hoc
636 2212 790 2273 ipsum
809 2213 1010 2273 denique
1032 2211 1248 2267 laudare,
1276 2217 1347 2256 est
1370 2209 1478 2254 imi-

293 2279 401 2323 tari.
452 2281 741 2340 Quanquam
791 2280 1016 2326 Christus
1058 2293 1146 2324 non
1178 2277 1328 2323 'orbat
1371 2290 1479 2322 suos
