1508 2671
280 180 349 234 58
784 179 958 236 Julius

275 297 533 344 consulitis.
579 298 725 343 Hanc
764 297 918 360 igitur
959 297 1172 358 appellas
1205 298 1453 359 jacturam

278 362 626 409 intolerabilem
641 365 668 408 ,9

782 489 955 522 JULIUS.

337 561 466 618 Quid
492 561 541 606 ni
554 563 581 606 ,9

771 686 965 718 PETRUS.

339 761 516 806 Verum
547 767 685 805 erant
719 761 934 821 corrupti
969 774 1139 820 mores,
1180 761 1456 823 refrixerat

270 826 467 887 pietas?

768 931 946 964 JULIUS.

330 1004 518 1066 Apage,
548 1006 607 1050 de
627 1005 772 1067 nugis
789 1005 900 1066 agis
925 1021 937 1048 :
961 1005 1054 1050 imo
1081 1005 1456 1050 detrahebantur

273 1071 405 1116 nobis
449 1071 635 1133 infinita
677 1071 959 1116 ducatorum
1003 1071 1174 1128 millia,
1218 1071 1343 1132 quod
1382 1072 1457 1118 vel

273 1136 457 1198 legioni
476 1137 686 1184 militum
707 1137 894 1184 alendae
908 1137 1218 1199 sufficiebant.

764 1262 961 1296 PETRUS.

329 1338 522 1400 Magna
545 1351 660 1383 sane
673 1339 873 1398 jactura
890 1338 1203 1398 foeneratori.
1229 1337 1296 1382 At
1325 1338 1375 1382 F
1374 1351 1452 1383 er-

272 1404 503 1450 rariensis
525 1404 618 1463 ille,
649 1405 764 1466 quid
786 1404 975 1449 tandem
1002 1404 1325 1465 designarat.9

777 1559 952 1590 JULIUS.

331 1633 460 1690 Quid
500 1633 625 1680 ille?
661 1633 799 1679 homo
840 1633 1048 1678 omnium
1091 1633 1333 1679 hominum
1380 1635 1450 1679 in-

268 1700 612 1762 gratissimus!
653 1699 761 1745 huic
798 1699 1022 1744 honorem
1071 1715 1177 1744 eum
1222 1701 1452 1746 habuerat

271 1767 352 1811 ille
380 1767 569 1812 Christi
601 1767 809 1813 vicarius
842 1766 1138 1824 Alexander,
1169 1775 1221 1811 ut
1244 1767 1450 1812 alteram

258 1833 423 1895 filiam
458 1833 533 1877 illi
568 1833 708 1878 daret
739 1847 977 1889 uxorem;
999 1833 1187 1877 addidit
1219 1834 1343 1879 dotis
1368 1849 1450 1880 no-

270 1899 396 1944 mine
417 1899 842 1944 luculentissimam
866 1899 1107 1956 ditionem,
1130 1899 1450 1946 hominialio-

270 1966 352 2027 qui
371 1965 598 2026 ignobili7·
615 1974 770 2011 tamen
790 1966 1043 2010 immemor
1068 1974 1213 2011 tantce
1236 1967 1452 2012 humani-

272 2031 396 2088 tatis,
420 2045 610 2092 semper
646 2032 916 2077 oblatrabat
947 2032 1077 2089 mihi,
1106 2033 1447 2091 Simoniacum,

269 2097 609 2158 poederastem‚
656 2113 712 2144 ac
757 2107 959 2160 aegrotae
1002 2099 1171 2145 mentis
1214 2100 1451 2145 hominem

271 2164 509 2222 dictitans,
537 2173 583 2209 et
605 2166 797 2227 insuper
819 2166 1078 2227 vectigalia
1103 2167 1328 2212 nonnulla
1348 2168 1448 2212 vin-

271 2230 482 2287 dicabat,
520 2246 609 2275 non
642 2231 728 2276 illa
770 2231 960 2293 quidem
1001 2233 1244 2290 maxima⁷
1290 2242 1447 2278 tamen

270 2296 635 2358 haudquaquam
662 2299 963 2360 aspernanda
991 2299 1218 2361 diligenti
1242 2300 1445 2360 pastori.
