1508 2671
292 151 394 206 136
789 148 964 204 Jufius

275 267 546 328 plurimum
575 267 791 328 potuisse
826 266 890 311 ad
921 265 1225 311 discindenda
1249 266 1462 327 foedera,

281 333 344 377 ad
369 332 718 394 inflammanda
751 331 888 389 bella,
922 332 985 377 ad
1008 340 1200 393 strages
1225 331 1465 377 hominum

281 399 580 445 excitandas.
624 399 728 444 Ista
769 400 966 445 Satanae
997 406 1210 459 potestas
1251 407 1333 456 est,
1377 414 1466 444 non

280 465 542 528 Pontificis.
595 465 693 520 Qui
735 465 921 510 Christi
954 464 1201 511 Vicarium
1236 479 1288 510 se
1315 465 1462 526 facit,

282 547 390 578 eum
448 539 636 593 oportet
698 531 762 576 ad
815 531 946 577 illius
1010 531 1264 592 exemplar
1324 546 1467 592 quam

274 597 509 661 proxime
542 596 783 642 accedere.
822 598 918 644 Est
956 597 1002 642 in
1041 597 1125 642 illo
1158 611 1349 643 summa
1376 613 1466 659 po-

283 673 443 722 testas,
469 663 554 709 sed
577 678 685 709 cum
710 677 901 709 summa
932 664 1172 726 dignitate
1194 665 1442 724 conjuncta
1452 684 1467 721 ‚-

282 739 353 777 est
385 744 577 776 summa
606 730 858 792 sapientia,
890 729 976 776 sed
1005 730 1381 792 simplicissima.
1410 731 1467 775 In

283 806 328 842 te
358 796 616 858 potestatis
655 796 921 859 imaginem
955 796 1106 853 videO,
1145 810 1252 842 cum
1280 811 1470 842 summa

281 862 498 919 malicia,
561 875 842 923 summaque
905 862 1117 909 stulticia
1177 863 1461 923 copulatam.

249 928 422 989 ‘Quod
459 928 504 974 si·
539 928 779 974 malorum
814 930 1043 991 princeps
1084 928 1342 986 Diabolus,
1385 930 1466 975 Vi-

281 996 469 1040 carium
502 995 595 1040 sibi
629 996 790 1056 cupiat
824 996 1108 1057 subrogare,
1138 1009 1275 1056 quem
1303 996 1467 1057 potius

281 1062 498 1117 asciscat,
533 1075 676 1121 quam
702 1061 772 1105 tui
794 1061 1001 1108 similem
1019 1062 1047 1106 P
1078 1062 1174 1109 Dic
1205 1061 1287 1107 ubi
1310 1062 1466 1108 virum

281 1127 611 1191 Apostolicum
648 1127 853 1191 egeris?

787 1369 962 1402 JULIUS.

342 1437 472 1494 Quid
511 1437 671 1498 magis
706 1437 1060 1497 Apostolicum,
1097 1449 1238 1496 quam
1283 1449 1466 1499 augere

286 1503 472 1550 Christi
495 1503 805 1549 Ecclesiam?

781 1606 956 1638 PETRUS
963 1628 973 1639 .

339 1681 489 1742 Atqui
503 1681 546 1726 si
568 1680 790 1726 Ecclesia
820 1689 890 1726 est
911 1680 1117 1741 populus
1140 1679 1464 1734 Christianus,

285 1747 474 1795 Christi
520 1747 698 1809 spiritu
751 1746 1129 1808 conglutinatus,
1180 1747 1466 1792 subvertisse

282 1814 402 1859 mihi
430 1813 610 1859 videris
643 1813 932 1869 Ecclesiam,
967 1812 1050 1874 qui
1080 1813 1241 1858 orbem
1277 1814 1463 1858 univer--

282 1895 386 1925 sum
432 1879 494 1924 ad
531 1879 778 1925 teterrima
816 1879 939 1924 bella
982 1879 1250 1936 concitaris,
1287 1894 1377 1940 quo
1418 1887 1466 1924 tu

283 1947 474 2007 impune
498 1946 654 1992 malus
680 1954 725 1990 et
739 1945 973 2008 pestilens
1001 1959 1142 1995 esses.

786 2122 942 2154 JULIUS
953 2142 962 2151 .

340 2198 446 2242 Nos
466 2197 737 2244 Ecclesiam
774 2210 995 2243 vocamus
1018 2209 1183 2242 sacras
1214 2196 1352 2254 cedes,
1379 2197 1464 2240 Sa-

282 2264 509 2320 cerdotesj
532 2271 577 2308 et
590 2263 837 2324 praecipue
858 2263 1059 2308 Curiam
1080 2264 1366 2318 Romanam,
1390 2276 1465 2305 me
