1508 2671
299 160 399 195 102
797 141 976 196 Jufius

790 302 988 335 PETRUS.

347 377 426 422 Ita
452 376 537 422 tibi
561 376 775 424 conscius
791 377 819 421 ἔ)

796 544 972 578 JULIUS.

351 619 482 676 Quid
508 619 558 664 id
582 619 706 664 tua?

789 744 981 776 PETRUS.

348 819 580 880 Intelligo
618 835 632 863 .-
677 832 767 864 non
816 817 1118 879 expediebat*
1148 832 1252 863 eam
1289 831 1478 882 movere

288 885 618 942 camarinam;
657 884 741 930 sed
761 898 921 946 „penes
952 882 1087 931 utros
1118 883 1210 929 erit
1232 883 1432 931 victoria
1449 884 1477 928 ,9

794 1076 971 1109 JULIUS·

345 1150 486 1197 Istud
509 1151 560 1195 F
558 1157 743 1196 orl‘una²
767 1158 838 1196 est
861 1149 906 1194 in
933 1163 1078 1194 manu
1109 1165 1123 1194 .·
1153 1163 1421 1210 quanquam
1447 1164 1476 1195 a

287 1217 419 1262 nobis
430 1217 545 1278 plus
566 1224 638 1261 est
647 1216 963 1277 pecuniarum
974 1234 991 1273 ,·
1019 1215 1191 1262 Gallus
1211 1216 1477 1261 exhaustus

287 1291 358 1328 est
382 1281 584 1327 diutinis
601 1283 713 1342 jam
749 1281 898 1339 bellis,
928 1282 1122 1343 Anglus
1153 1282 1265 1327 auri
1295 1291 1501 1328 montes.

284 1349 425 1394 habet
453 1348 655 1393 intactos
686 1348 856 1394 adhuc.
893 1347 1026 1393 Illud
1065 1347 1331 1394 indubitato
1359 1363 1476 1411 pos-

284 1429 392 1460 sum
430 1413 703 1471 vaticinari,
743 1414 787 1461 si
824 1414 997 1460 Gallus
1030 1413 1214 1471 vicerit,
1260 1414 1311 1460 id
1352 1415 1477 1476 quod

284 1480 552 1538 abominor,
590 1489 836 1526 vertentur
874 1494 1040 1526 rerum
1076 1482 1284 1538 nomina,
1311 1495 1475 1527 sacro-

284 1555 500 1595 sanctum
527 1546 649 1592 illud
673 1547 927 1592 concilium
956 1548 1153 1601 Satanoe
1183 1548 1475 1593 conciliabu-

286 1614 385 1658 lum
417 1613 537 1670 erit‚·
574 1627 666 1674 ego
701 1613 882 1658 idolum
912 1613 1178 1675 Pontificis,
1218 1628 1308 1659 non
1344 1614 1474 1660 Pon-

286 1679 418 1739 tifex
430 1699 448 1737 ‚·
467 1693 614 1740 penes
643 1679 751 1724 illos
780 1679 997 1740 Spiritus
1021 1681 1226 1726 Sanctus
1255 1680 1362 1738 erit,
1392 1695 1476 1726 nos

282 1746 457 1806 spiritu
499 1747 696 1791 Satanoe
737 1745 1011 1807 fecerimus
1058 1745 1233 1791 omnia.
1295 1747 1472 1793 Verum

283 1811 406 1855 mihi
441 1811 612 1871 ingens
630 1811 819 1873 fiducia
855 1819 924 1857 est
956 1812 1002 1856 in
1028 1811 1215 1859 relictis
1235 1813 1468 1873 pecuniis,

284 1892 343 1921 ne
367 1876 622 1939 hoecfiant.

784 2177 962 2208 PETRUS
969 2197 979 2207 .

343 2256 411 2301 At
462 2256 576 2316 quid
636 2257 711 2302 rei
764 2258 954 2304 tandem
1017 2258 1185 2304 incidit
1241 2259 1470 2306 adversus
