1508 2671
275 147 374 201 152
610 149 612 152 ’
779 142 953 199 Jufius

265 263 523 308 utilitatem
560 262 772 307 omnium
809 260 1092 321 consumpsi.
1133 262 1206 307 Tu
1236 260 1453 306 omnibus

267 330 467 387 inutilis,
497 329 541 374 si
567 328 682 389 quid
699 336 895 388 poteras
916 328 1032 387 (imo
1066 328 1180 388 quid
1206 343 1294 372 non
1312 336 1450 387 pote-

266 396 417 454 rasP),
452 396 514 441 ad
532 395 780 456 publicam
805 393 935 439 orbis
954 394 1218 453 perniciem
1246 393 1445 440 vertisti.

760 916 940 948 JULIUS.

318 998 565 1056 Demiror,
593 1012 680 1043 cur
708 997 755 1042 in
784 998 1008 1060 catalogo
1031 998 1310 1059 gloriarum
1341 1007 1447 1043 tua-

260 1081 369 1111 rum
400 1080 488 1110 non
513 1065 613 1110 haec
637 1065 783 1109 etiam
806 1065 971 1122 addas,
992 1065 1291 1125 pauperiem,
1319 1065 1448 1126 vigi-

262 1132 368 1187 lias,
405 1131 617 1188 sudores,
656 1131 933 1187 tribunalia,
972 1146 1202 1189 carceres,
1240 1132 1442 1189 vincula,

252 1198 451 1260 probra,
474 1198 672 1260 plagas,
703 1212 867 1243 cruces
898 1197 1109 1259 denique.

755 1383 950 1416 PETRUS.

314 1460 463 1504 Recte
482 1457 708 1502 admones
731 1474 743 1502 :
770 1472 881 1502 nam
905 1458 1010 1503 istis
1031 1458 1089 1504 de
1109 1459 1249 1505 rebus
1258 1460 1447 1520 justius

254 1525 523 1587 gloriabor,
555 1537 698 1585 quam
733 1523 792 1569 de
827 1524 1093 1571 miraculis.
1128 1527 1325 1571 Horum
1361 1541 1445 1571 no-

254 1591 384 1637 mine
420 1590 647 1637 Christus
681 1604 765 1635 nos
786 1591 942 1651 J‘ussit
970 1592 1190 1652 gaudere
1225 1602 1270 1638 et
1301 1593 1444 1638 exul-

255 1667 374 1715 tare,
404 1658 575 1703 horum
612 1657 801 1702 nomine
833 1672 917 1702 nos
954 1658 1113 1704 beatos
1133 1659 1331 1705 vocavit.
1364 1661 1445 1705 Ita

252 1724 454 1781 Paulus,
473 1724 664 1785 collega
685 1724 923 1784 quondam
942 1740 1089 1782 meus,
1113 1740 1220 1771 cum
1241 1741 1329 1772 sua
1339 1727 1443 1787 jac-

255 1799 326 1835 tat
349 1791 600 1852 facinora,
628 1805 717 1835 non
743 1800 1088 1836 commemorat
1118 1792 1259 1838 urbes
1290 1793 1444 1838 armis

252 1865 579 1920 expugnatas,
617 1871 706 1901 non
745 1857 958 1918 legiones
979 1859 1128 1918 ferro
1154 1873 1313 1916 coesas,
1351 1874 1441 1905 non

251 1925 381 1970 orbis
406 1924 654 1985 principes
687 1923 750 1968 ad
784 1924 906 1968 bella
930 1926 1201 1983 concitatos,
1237 1942 1326 1972 non
1348 1928 1440 1987 sa-

248 1999 349 2037 stus
373 1991 668 2052 tyrannicos,
698 1990 783 2035 secl
803 1992 1087 2053 naufragia,
1114 1993 1314 2051 vincula,
1330 1994 1439 2054 fla-

248 2072 358 2120 gra,
390 2057 626 2119 pericula,
667 2057 902 2103 insidias:
944 2059 1020 2104 liic
1060 2067 1131 2105 est
1168 2060 1439 2122 triumphus

248 2140 359 2172 vere
386 2125 702 2186 Apostolicus,
736 2124 837 2169 haec
869 2133 939 2171 est
964 2127 1131 2187 gloria
1169 2127 1439 2174 Christiani

247 2191 398 2237 ducis.
446 2192 613 2237 Jactat
659 2190 741 2235 ille
783 2205 898 2251 quos
943 2194 1172 2254 genuerit
1222 2194 1431 2251 Christo,

246 2272 362 2320 quos
398 2257 458 2303 ab
493 2257 744 2319 impietate
770 2259 1055 2317 retraxerit,
1093 2275 1182 2307 non
1207 2268 1318 2322 quot
1346 2260 1434 2305 du·-
