1508 2671
311 155 325 189 1
349 154 408 191 12
805 137 981 192 Julius

792 472 989 506 PETRUS.

355 545 595 608 Equidem
622 546 743 592 nihil
766 546 938 592 horum
972 546 1205 609 intelligo.
1243 547 1343 593 Sed
1379 549 1484 593 redi

297 613 360 658 ad
386 613 435 657 id
453 613 578 673 quod
603 613 875 659 institutum
898 621 1036 658 erat:
1063 614 1371 675 quamobrem
1403 623 1484 660 tua

295 678 598 725 sanctissima
655 680 884 740 majestas
939 687 1187 741 tantopere
1232 680 1483 727 Barbaros

297 746 505 803 horreat,
523 753 576 791 ut
590 745 763 791 coelum
782 753 927 790 terroe
947 745 1240 792 miscendum
1259 747 1476 805 duxeris,

296 825 387 874 quo
410 811 520 858 illos
538 811 599 857 ab
618 812 767 858 Italia
788 811 1053 872 depelleres
1066 813 1094 858 f>

785 936 973 971 JULIUS.

352 1012 531 1058 Dicam
548 1032 566 1069 ,·
623 1012 1010 1075 superstitiosum
1063 1022 1133 1059 est
1183 1027 1289 1059 cum
1346 1028 1482 1060 omne

293 1078 631 1124 Barbarorum
670 1093 838 1141 genus,
885 1087 985 1124 tum
1020 1080 1270 1141 prcecipue
1313 1080 1481 1125 Gallo-

293 1159 402 1190 rum
429 1162 442 1189 .·
469 1159 581 1190 nam
603 1160 710 1190 cum
734 1147 794 1190 H
797 1145 978 1207 ispanis
1002 1159 1092 1191 non
1110 1146 1325 1207 pessime
1349 1146 1481 1192 nobis

292 1211 520 1269 convenit,
549 1211 649 1257 sive
682 1212 902 1273 linguam
934 1220 1129 1273 spectes,
1162 1213 1262 1258 sive
1295 1227 1480 1270 mores,-

291 1291 560 1338 quanquam
607 1277 691 1323 hos
730 1292 913 1338 quoque
958 1278 1202 1324 submotos
1246 1278 1475 1336 volebam,

291 1358 382 1405 quo
399 1358 605 1406 prorsus
631 1344 799 1390 liceret
825 1358 962 1390 more
979 1353 1140 1391 nostro
1165 1359 1332 1407 agere.

786 1505 980 1539 PETRUS.

352 1580 530 1627 Colunt
542 1588 728 1643 praeter
756 1581 1007 1628 Christum
1033 1589 1080 1628 et
1104 1581 1227 1628 alios
1250 1581 1361 1629 deos
1377 1583 1405 1628 ,9

794 1730 813 1761 J
817 1729 964 1761 ULIUS.

346 1804 453 1849 Imo
479 1800 731 1850 Christum
754 1803 910 1864 ipsum
935 1803 1081 1849 nimis
1106 1802 1257 1849 anxie
1279 1803 1440 1848 colunt
1463 1820 1475 1848 :

286 1869 495 1930 antiquis
522 1870 806 1931 quibusdam
843 1879 889 1915 et
913 1869 1218 1931 jampridem
1255 1869 1477 1915 obsoletis

286 1935 525 1982 vocabulis
561 1936 738 1981 mirum
779 1944 848 1981 est
884 1950 1027 1997 quam
1071 1936 1227 1981 adhuc·
1266 1936 1508 1993 homines

287 2001 566 2048 stultissimi
583 2010 975 2064 permoveantur.

785 2179 975 2211 PETRUS.

348 2252 501 2297 Forte
526 2253 732 2314 magicis
747 2254 774 2297 ‚9
