1508 2671
303 149 370 203 32
804 150 978 205 Julius

286 264 423 327 flavi,
455 279 537 310 nec
554 265 653 310 ulla
676 266 858 311 cessavi
874 274 1021 327 parte
1046 267 1090 310 in
1115 267 1479 314 accumulandis

290 332 508 393 pecuniis
545 349 557 376 :
611 332 841 377 nimirum
884 332 1159 393 intelligens
1202 334 1377 394 absque
1419 334 1479 380 iis

296 398 417 444 nihil
452 407 577 444 recte
611 399 738 460 geri,
779 413 925 459 neque
962 413 1168 456 sacrum,
1200 415 1347 461 neque
1364 415 1480 462 pro-

287 465 482 527 fanum.
512 467 582 511 Et
606 473 658 509 ut
681 465 744 509 ad
768 466 958 525 majora
978 466 1178 522 veniam,
1208 467 1478 512 Bononiam

295 545 326 576 a
348 531 612 577 Bentivolis
638 540 913 592 occupatam
941 534 1175 577 Romanae
1203 533 1307 578 sedi
1335 533 1478 579 resti-

298 598 378 643 tui.
416 600 616 644 Venetos
660 606 770 643 ante
812 599 1005 643 invictos
1046 599 1261 645 omnibus
1298 600 1479 644 ·Marte

294 664 503 710 contudi.
530 665 778 711 Ferrarice
801 664 966 709 ducem
993 664 1075 709 diu
1100 665 1226 710 male
1249 674 1477 711 vexatum

296 730 429 783 bello,
456 731 808 791 propemodum
858 731 903 775 in
953 745 1145 777 nassam
1193 732 1473 777 illexeram.

300 797 683 842 Conciliabulum
716 797 1071 843 schismaticum
1109 798 1335 843 simulato
1368 812 1477 843 con-

297 872 374 908 tra
405 863 601 908 concilio
617 863 839 925 feliciter
873 864 1010 920 elusi,
1044 872 1091 909 et
1124 864 1309 910 clavum
1336 865 1478 925 (quod

295 929 392 975 dici
428 930 566 989 solet)
614 930 745 975 clavo
774 930 956 991 pepuli.
995 931 1250 976 Postremo
1289 931 1471 988 Gallos,

296 1005 404 1042 tunc
428 996 534 1042 orbi
545 995 891 1057 formidabiles
917 996 1149 1054 universo,
1170 1012 1238 1042 ex
1255 998 1477 1042 universa

293 1063 444 1108 Italia
475 1063 735 1119 deturbari,
773 1063 1112 1108 deturbaturus
1151 1072 1198 1108 et
1226 1064 1476 1125 Hispanos

294 1129 425 1190 (nam
441 1130 530 1175 lzuc
543 1129 668 1175 ibam
668 1129 688 1188 )
698 1129 793 1176 nisi
805 1145 880 1175 me
883 1131 1001 1190 fata
1016 1130 1159 1175 terris
1174 1130 1472 1192 eripuissent.

351 1731 508 1792 Atque
522 1731 598 1776 liic
613 1745 796 1792 quoque
820 1746 960 1793 quam
984 1733 1208 1779 invictum
1227 1733 1474 1794 praestite-

294 1798 388 1844 rim
410 1797 638 1855 animum‚
683 1798 806 1844 vide.
836 1799 996 1845 Gallis
1027 1800 1366 1861 superioribus,
1403 1800 1473 1844 la-

296 1865 453 1909 tebras
488 1864 886 1927 circumspectare
909 1866 1057 1926 coepi;
1094 1880 1262 1911 canam
1286 1866 1474 1911 alebam

296 1930 507 1985 barbam,
546 1931 687 1977 rebus
713 1933 1062 1994 propemodum
1099 1933 1144 1976 in
1181 1932 1473 1994 desperatio-

294 2012 400 2042 nem
425 1997 654 2050 adductis,
686 2013 791 2043 cum
826 2007 1017 2060 repente
1048 1998 1238 2043 nuntius
1267 2000 1475 2062 affertur

293 2078 485 2121 aureus,
528 2064 656 2125 apud
678 2066 955 2110 Ravennam
992 2065 1174 2125 aliquot
1223 2066 1473 2110 Gallorum

293 2130 452 2175 millia
493 2131 760 2176 trucidata:
790 2131 855 2176 ibi
878 2131 1059 2177 revixit
1082 2132 1258 2178 Julius.
1288 2132 1365 2176 Ad
1390 2132 1476 2177 hoc

286 2212 379 2259 per
424 2197 635 2242 triduum
674 2199 840 2259 ferme
874 2213 968 2259 pro
1011 2206 1199 2243 mortuo
1247 2197 1468 2255 habebar,

294 2263 441 2309 etiam
467 2264 588 2309 milii
598 2281 611 2308 .·
635 2273 776 2326 atque
790 2265 864 2310 liic
885 2280 1067 2327 quoque
1087 2279 1282 2312 rursum
1291 2273 1475 2327 praeter
