1508 2671
300 132 370 185 62
803 131 978 187 Julius

295 247 512 308 origine5
560 247 716 293 dicam
759 248 1056 294 summatim.
1096 248 1210 294 Jam
1250 248 1476 309 quosdam

295 313 471 358 taedere
484 322 693 374 coeperat
705 315 937 359 Romanae
949 314 1098 359 curioe
1110 333 1124 368 ‚⁴
1140 314 1333 359 aiebant
1349 315 1478 376 turpi

294 388 488 440 quaestu,
514 380 813 441 prodigiosis
838 395 895 424 ac
926 381 1150 441 nefandis
1184 381 1472 438 lihidinibus,

292 447 551 507 veneficiis,
587 446 886 508 sacrilegiis,
917 446 1144 504 caedibus,
1190 447 1479 493 Simoniacis

291 512 512 557 nundinis
537 513 741 573 undique
768 512 1015 572 inquinata
1039 528 1142 559 esse
1167 513 1340 558 omnia.
1371 514 1480 558 Me-

292 579 446 640 ipsum
499 578 692 623 aiebant
737 579 1090 636 Simoniacum7
1143 580 1472 637 temulentum,

291 659 533 706 spurcum,
558 645 794 690 mundano
819 645 1067 707 turgidum
1085 645 1275 706 spiritu,
1299 661 1355 691 ac
1376 661 1477 691 mo-

296 711 369 756 dis
416 711 632 757 omnihus
669 726 800 768 eum,
846 712 925 772 qui
966 712 1119 756 locum
1159 712 1296 757 illum
1353 712 1478 757 indi-

295 792 438 839 gnus,
483 793 589 822 cum
628 792 818 823 summa
854 778 1150 839 Reipztblicce
1189 779 1481 824 Christiana,2

292 845 518 906 pernicie,
549 859 843 906 occuparem.
882 847 1052 906 Itaque
1086 845 1310 906 generali
1349 846 1478 891 Con—

297 910 408 955 cilio
423 912 794 956 succurrendum
813 925 911 956 esse
929 912 1069 956 rebus
1081 912 1300 973 afflictis.
1321 912 1481 957 Adde-

298 977 409 1022 bant
433 978 715 1038 adjuratum
738 993 827 1035 me,
858 987 909 1023 ut
928 986 1038 1039 post
1066 987 1308 1039 acceptum
1335 979 1478 1024 liono-

295 1059 412 1099 rem,
464 1045 591 1089 intra
640 1044 878 1089 biennium
927 1045 1158 1107 generale
1207 1045 1478 1091 Concilium

296 1109 570 1168 indicerem,
595 1112 684 1157 lzac
709 1111 818 1174 lege
838 1120 1053 1157 creatum
1079 1112 1377 1174 Pontificem.

791 1530 967 1561 PETRUS

350 1617 507 1679 Atque
529 1617 578 1663 id
600 1632 711 1664 vere
732 1618 950 1664 dictum?

798 1759 972 1791 JULIUS.

348 1846 456 1891 Imo
483 1854 529 1892 et
534 1847 746 1908 sactum.
772 1847 841 1892 At
865 1848 965 1909 ipse
989 1863 1066 1893 me
1099 1848 1159 1894 ab
1198 1863 1251 1894 eo
1275 1848 1474 1910 jztreju-

292 1913 457 1970 rando,
483 1928 628 1973 quum
653 1914 806 1959 visum
833 1922 915 1971 est,
946 1914 1143 1961 absolvi.
1172 1915 1290 1972 Quis
1313 1924 1474 1961 autem

291 1979 484 2036 dubitet,
511 1981 585 2026 vel
616 1981 800 2041 quidvis
829 1981 1063 2038 dejerare,
1097 1996 1205 2027 cum
1240 1982 1298 2027 de
1323 1996 1474 2044 regno

290 2046 495 2106 agitur?
517 2047 574 2091 In
600 2047 712 2093 aliis
734 2047 926 2093 colenda
943 2048 1116 2109 pietas,
1151 2057 1203 2093 ut
1227 2049 1476 2111 eleganter

293 2111 375 2156 ille
412 2112 545 2156 dixit
579 2113 754 2172 Julius,
792 2113 917 2158 alter
950 2129 1055 2174 ego.
1093 2115 1191 2161 Sed
1221 2116 1474 2161 audaciam

291 2177 535 2223 hominum
590 2188 764 2241 specta,
821 2180 926 2226 vide
973 2195 1199 2241 quorsum
1254 2183 1456 2228 evadant

289 2244 575 2291 Desciscunt
625 2246 913 2293 Cardinales
960 2262 1144 2305 novem,
1198 2248 1476 2294 denuntiant
