1508 2671
299 165 403 234 134
552 180 553 183 ’
800 164 975 219 Jufius

288 295 431 341 quam
473 279 772 337 Coneilium;
803 279 919 339 quid
948 280 992 325 si
1025 294 1102 325 me
1132 279 1474 327 submovissent

287 360 319 391 a
341 346 610 408 PontificiO,
636 345 786 391 veluti
808 345 1137 392 Simoniacum
1171 355 1216 392 et
1246 347 1472 408 negocia—

290 420 442 458 torem
476 411 732 473 Pontificii‚
770 426 860 457 non
891 411 1213 473 Pontificem?
1251 413 1397 471 Quid,
1431 413 1476 459 si

288 493 476 523 omnem
500 479 649 524 vitam
674 492 833 524 meam
850 478 1223 540 perdidicissent
1235 479 1475 540 prodidis-

288 554 483 607 sentque
509 545 554 590 in
580 545 792 606 vulgus?

782 774 981 806 PETRUS.

347 848 564 894 Etiamsi
589 862 729 894 verus
755 848 997 909 Pontifex
1029 862 1168 905 esses,
1207 856 1364 894 tamen
1396 863 1475 894 sa-

291 915 385 959 tius
419 923 526 960 erat
556 915 733 961 honore
767 915 947 972 cedere,
988 929 1131 976 quam
1171 915 1315 960 tantis
1347 914 1477 960 orbis

294 981 566 1028 Christiani
592 981 737 1028 malis
771 989 904 1027 tuam
937 981 1230 1043 dignitatem
1257 981 1399 1027 tueri.
1422 980 1479 1028 Si

290 1047 430 1093 modo
454 1047 671 1110 dignitas
694 1056 765 1094 est
782 1048 1105 1109 Episcopatus
1131 1048 1328 1111 indigno
1352 1062 1478 1093 com-

290 1114 477 1172 missus,
518 1128 575 1160 ac
613 1130 672 1160 ne
701 1114 983 1160 commissus
1015 1114 1220 1175 quidem,
1261 1114 1345 1160 sed
1375 1129 1476 1159 em-

281 1188 399 1241 ptus
446 1189 494 1225 et
538 1189 780 1242 arreptus.
828 1181 963 1226 Unde
1011 1181 1132 1226 illud
1171 1181 1290 1226 mihi
1325 1180 1477 1226 obiter

288 1247 417 1292 venit
446 1247 492 1292 in
527 1256 744 1306 mentem,
784 1256 829 1293 te
860 1247 1055 1293 consilio
1087 1248 1291 1309 quodam
1317 1247 1476 1294 divino

291 1313 451 1359 Gallis
485 1314 708 1360 extitisse
727 1322 936 1376 pestem,
966 1314 1049 1376 qui
1073 1315 1214 1376 prius
1242 1314 1476 1361 Ecclesiae

292 1387 336 1425 te
353 1388 540 1441 pestem
575 1381 860 1428 invexerint.

798 1623 974 1656 JULIUS.

348 1697 447 1741 Per
472 1697 710 1758 triplicem
731 1711 956 1743 coronam
978 1711 1135 1744 meam
1146 1699 1278 1759 juro,
1295 1713 1478 1759 perque

290 1777 419 1808 meos
454 1763 752 1810 clarissimos
784 1764 1062 1826 triumphos,
1098 1764 1143 1810 si
1177 1765 1298 1810 mihi
1333 1765 1475 1811 bilem

290 1830 509 1889 moveris,
538 1830 714 1877 senties
737 1838 784 1876 et
809 1839 858 1876 tu
883 1831 979 1878 vim
1003 1830 1138 1877 Julii.

789 1994 985 2027 PETRUS.

352 2066 394 2112 O
408 2066 766 2128 phreneticum.
762 2068 777 2099 7
799 2082 964 2114 verum
991 2066 1215 2113 hactenus
1240 2067 1360 2112 nihil
1388 2082 1475 2113 au-

289 2131 383 2189 dio,
405 2132 500 2178 nisi
518 2133 686 2179 ducem
707 2149 796 2179 non
813 2134 1221 2193 Ecclesiastchum
1238 2133 1323 2180 sed
1343 2149 1477 2179 mun-

290 2197 489 2273 danum,
531 2214 614 2244 nec
645 2199 935 2245 mundanum
972 2208 1179 2257 tantum,
1215 2200 1299 2246 sed
1323 2199 1475 2245 ethni-

288 2279 412 2322 cum,
436 2264 532 2311 imo
552 2266 753 2312 ethnicis
769 2266 1142 2314 sceleratiorem.
1164 2266 1408 2313 Gloriaris
1431 2274 1477 2311 te
