1508 2671
293 188 309 225 1
323 168 396 223 60
792 164 968 221 Julius

283 285 522 347 afflictior,
558 284 646 330 hoc
667 282 860 329 uberius
892 281 1143 328 delitiatur
1174 282 1220 329 in
1257 283 1466 331 Christo.

288 353 395 409 Quo
438 352 485 396 in
525 349 701 395 mundo
739 349 1022 411 pauperior,
1065 350 1150 395 hoc
1192 350 1238 395 in
1278 350 1473 396 Christo

288 417 580 479 locupletior.
614 415 719 472 Quo
742 415 788 460 in
814 415 990 460 mundo
1034 415 1280 475 dejectior,
1315 416 1400 461 hoc
1426 416 1472 460 in

287 485 371 530 illo
385 482 639 530 sublimior
664 490 710 527 et
726 481 1021 527 honoratior.
1049 482 1154 538 Quo
1180 482 1334 528 minus
1359 482 1475 529 vivit

288 552 334 596 in
353 551 540 607 mundo,
564 549 650 594 hoc
673 548 834 610 magis
853 548 972 594 vivit
993 548 1038 593 in
1062 548 1269 595 Christo.
1296 550 1474 595 Verum

285 633 393 663 cum
435 624 584 661 totum
631 629 804 676 corpus
846 629 986 660 suum
1015 615 1335 676 purissimum
1376 629 1477 660 esse

285 683 448 741 voluit,
480 691 581 727 tum
599 681 844 743 praecipue
861 681 1123 739 ministros,
1146 681 1232 726 hoc
1256 690 1338 738 est,
1363 682 1411 727 E
1406 681 1478 742 pi-

287 764 454 811 scopos
481 766 493 793 :
529 756 575 793 et
600 749 726 793 inter
749 748 835 794 hos
857 761 947 807 quo
979 747 1177 808 quisque
1201 748 1362 808 major
1389 756 1471 803 est,

291 817 378 863 hoc
410 814 548 861 debet
589 813 786 861 Christo
823 813 1049 872 similior,
1091 822 1136 859 et
1170 813 1230 859 ab
1261 814 1478 859 omnibus

287 882 454 929 mundi
485 880 747 927 commodis
798 881 1071 942 expeditior
1094 889 1142 926 et
1164 881 1476 927 exoneratior

286 964 405 997 esse.
444 949 591 994 Nunc
621 955 788 993 contra
817 948 974 1005 video,
1010 962 1117 993 eum
1157 947 1240 1008 qui
1276 947 1474 994 Christo

284 1015 561 1078 proximus,
594 1022 737 1076 atque
761 1013 881 1060 adeo
901 1028 1000 1075 par
1028 1013 1195 1059 haberi
1217 1014 1331 1071 vult,
1370 1028 1475 1059 om—

287 1083 422 1128 nium
461 1081 683 1126 maxime
718 1080 858 1126 rebus
893 1079 1243 1126 sordidissimis
1280 1081 1477 1124 immer-

286 1164 407 1207 sum,
433 1147 664 1210 pecuniis,
696 1146 968 1203 ditionibus,
1003 1146 1163 1207 copiis,
1196 1146 1347 1204 bellis,
1373 1147 1477 1208 foe-

288 1215 495 1272 deribus,
525 1222 578 1259 ut
602 1229 659 1259 ne
682 1213 798 1274 quid
829 1212 1023 1258 interim
1056 1213 1114 1257 de
1141 1212 1274 1259 vitiis
1301 1213 1475 1258 dicam.

286 1283 358 1329 Et
382 1289 554 1343 postea
584 1295 692 1326 cum
725 1280 794 1326 sz's
826 1279 1153 1325 alienissimus
1190 1293 1221 1324 a
1255 1279 1473 1336 Christo,

292 1347 480 1395 Christi
502 1355 658 1392 tamen
682 1345 820 1391 titulo
842 1345 906 1391 ad
928 1354 1060 1391 tuam
1082 1344 1293 1391 abuteris
1316 1359 1480 1407 super-

290 1415 432 1471 biam,
457 1422 506 1459 et
538 1413 670 1459 illius
689 1421 957 1474 praetextu,
980 1412 1063 1473 qui
1084 1426 1290 1474 regnum
1312 1411 1481 1457 mundi

288 1481 516 1543 dispexit,
553 1479 846 1526 mundanum
881 1487 1147 1540 tyrannum
1172 1478 1300 1541 agis,
1328 1486 1373 1523 et
1400 1492 1479 1524 ve-

289 1562 373 1594 rus
400 1547 590 1593 Christi
614 1546 777 1602 hostis,
816 1546 984 1607 exigis
1020 1545 1247 1591 honorem
1283 1544 1479 1591 Christo

289 1614 517 1662 debitum.
558 1612 814 1659 Benedicis
851 1612 986 1670 aliis,
1033 1612 1135 1673 ipse
1176 1611 1473 1657 maledictus.

287 1681 466 1742 Aperis
489 1680 601 1725 aliis
624 1680 813 1738 coelum,
841 1679 964 1724 unde
989 1679 1090 1740 ipse
1113 1678 1286 1739 procul
1309 1678 1479 1723 exclu-

287 1762 368 1793 sus
387 1761 451 1795 es.
477 1748 743 1794 Consecras
763 1753 1023 1792 execratus
1034 1764 1051 1802 ,·
1073 1745 1473 1802 excommunicas,

290 1815 369 1860 cui
407 1813 530 1859 nihil
569 1822 640 1860 est
682 1828 789 1859 cum
828 1812 1005 1858 sanctis
1048 1826 1311 1857 commune.
1349 1811 1480 1868 Quid

288 1881 416 1927 enim
442 1880 565 1925 inter
586 1888 632 1925 te
657 1888 702 1925 et
731 1881 1004 1926 Turcarum
1026 1878 1207 1931 ducem,
1237 1877 1330 1923 nisi
1354 1877 1478 1939 quod

290 1956 339 1992 tu
368 1946 556 1992 Christi
579 1946 858 1992 vocabulum
876 1945 1157 2006 praetexis?
1181 1944 1326 1990 Certe
1345 1957 1478 1989 mens

288 2013 478 2070 eadem,
519 2013 794 2059 consimiles
831 2013 945 2059 vitoe
988 2012 1169 2058 sordes.
1211 2011 1284 2058 Tu
1320 2011 1479 2072 major

289 2080 418 2127 orbis
447 2080 612 2141 pestis.
