1508 2671
272 152 371 206 162
770 152 946 208 Jufius

774 585 950 616 JULIUS.

324 657 392 704 At
423 672 514 721 ego
546 657 794 721 cupiebam
817 658 1091 705 Ecclesiam
1126 659 1342 705 omnibus
1370 659 1452 704 bo-

267 725 342 771 nis
371 733 679 770 exornatam.
702 725 800 770 Sed
834 725 1147 771 Aristotelem
1187 726 1324 770 aiunt
1359 734 1457 771 tres

270 793 500 837 bonorum
524 791 717 838 ordines
748 792 1049 849 constituere,
1090 806 1292 852 quorum
1330 807 1459 854 quoe-

270 858 383 903 dam
408 866 519 904 sunt
536 859 768 918 fortunae,
802 858 1020 919 quaedam
1058 858 1288 920 corporis,
1327 872 1455 919 quee-

271 925 384 970 dam
411 924 579 970 animi.
605 925 776 986 Itaque
809 924 1027 969 nolebam
1065 924 1293 970 bonorum
1326 925 1461 970 ordi-

273 1006 380 1036 nem
410 991 661 1036 invertere.
690 991 733 1037 A
750 992 972 1050 fortunae
1010 991 1142 1036 bonis
1173 991 1311 1052 coepi,
1340 992 1459 1053 for-

278 1066 406 1104 tasse
427 1057 668 1119 paulatim
693 1058 758 1103 ad
778 1057 931 1102 animi
957 1057 1076 1102 bona
1109 1066 1333 1104 venturus
1367 1058 1462 1104 nisi

270 1133 578 1189 praematura
599 1139 730 1171 mors
749 1125 894 1169 terris
916 1138 992 1169 me
1013 1124 1282 1187 eripuisset.

785 1316 981 1348 PETRUS.

335 1392 646 1437 Proematura
667 1404 794 1448 sane,
825 1406 995 1451 nempe
1012 1392 1456 1454 septuagenarium,

279 1473 550 1520 quanquam
575 1458 689 1519 quid
733 1473 851 1520 opus
876 1465 984 1503 erat
1015 1472 1189 1519 aquam
1231 1458 1338 1520 igni
1369 1459 1463 1504 mi-

279 1526 449 1572 scere?

790 1606 963 1638 JULIUS.

337 1680 487 1742 Atqui
509 1679 554 1726 si
578 1679 748 1725 desunt
768 1680 860 1725 ista
884 1680 1147 1737 commoda,
1177 1680 1354 1741 vulgus
1379 1695 1462 1726 nos

279 1762 367 1793 non
388 1747 478 1808 pili
490 1747 667 1808 faciet.
691 1747 815 1803 Quin
834 1761 953 1792 nunc
973 1761 1153 1808 quoque
1177 1755 1391 1791 metuunt
1415 1754 1464 1790 et

279 1814 493 1859 oderunt.
544 1815 702 1874 Atque
740 1813 807 1858 ita
843 1821 942 1859 tota
990 1813 1281 1875 Respublica
1319 1813 1464 1859 Chri-

278 1881 438 1927 stiana
476 1880 809 1937 collaberetur,
850 1879 899 1924 ni
933 1888 1100 1926 contra
1123 1879 1463 1926 vim'inz'mico-

281 1962 389 1994 rum
415 1961 518 1994 sese
542 1947 668 1993 tueri
686 1955 845 2009 queat.

779 2204 971 2238 PETRUS.

340 2280 447 2325 Imo
470 2277 513 2323 si
539 2277 931 2324 Christianorum
969 2277 1143 2339 vulgus
1171 2277 1465 2338 conspiceret
