1508 2671
241 170 313 224 80
746 167 922 221 Julius

735 320 931 351 PETRUS.

295 396 446 457 Atqui
473 396 517 440 si
552 394 779 440 Christus
809 393 933 437 idem
956 394 1172 454 fecisset,
1192 395 1304 453 jam
1337 408 1426 438 non

231 470 363 509 *esset
385 461 607 506 Ecclesia
639 461 775 520 cujus
809 467 852 503 te
888 461 1196 505 monarcham
1222 460 1428 520 jactitas

240 542 355 585 esse,
376 536 424 572 et
440 542 529 571 non
547 526 683 572 video
700 525 782 585 qui
798 526 1055 582 conveniat,
1075 534 1126 570 ut
1142 526 1223 587 qui
1243 526 1430 571 Christi

244 594 466 639 Vicarius
493 591 735 653 appellari
758 591 986 652 gaudeat,
1017 591 1213 637 Christo
1237 591 1428 637 diuersa

237 668 479 722 sequatur.
533 658 631 704 Sed
677 656 798 702 illud
831 658 941 717 jam
986 658 1175 719 expedi,
1221 673 1426 719 quanam

238 735 345 771 arte
379 725 738 771 schismaticum
773 723 908 781 illud,
947 724 1018 769 uti
1043 733 1092 769 tu
1115 739 1267 782 vocas,
1301 725 1426 771 Con-

238 793 405 837 cilium
431 790 754 837 discusseris?

749 1012 925 1043 JULIUS.
987 987 990 989 *

299 1086 475 1132 Dicam
509 1086 744 1146 equidem,
781 1100 1033 1147 assequere
1065 1087 1106 1131 si
1127 1094 1281 1147 potes.
1313 1087 1428 1131 Pri-

242 1168 373 1197 mum
398 1154 752 1214 Imperatorem
778 1152 1184 1197 Maximilianum
1211 1167 1317 1197 cum
1335 1168 1430 1214 per

240 1219 455 1265 solennes
497 1219 686 1263 nuntios
728 1218 998 1264 Concilium
1039 1219 1299 1276 indixerat,
1340 1234 1430 1280 per

241 1300 330 1330 non
372 1284 594 1329 dicendos
635 1283 799 1328 modos
838 1284 898 1328 ab
944 1285 1159 1330 instituto
1197 1285 1422 1330 subduxi.

241 1353 491 1397 Praeterea
512 1350 800 1396 Cardinales
816 1351 998 1411 aliquot
1016 1359 1123 1395 arte
1144 1351 1297 1396 simili
1312 1366 1430 1412 per-

240 1417 386 1471 suasi,
424 1425 476 1461 ut
506 1417 631 1477 quod
658 1415 922 1476 publicatis
950 1418 1061 1477 jam
1102 1417 1429 1462 instrumentis

238 1490 523 1537 statuerant,
543 1496 737 1527 rursum
753 1482 920 1528 accitis
937 1482 1139 1528 notariis
1154 1491 1199 1527 et
1213 1483 1426 1539 testibus,

242 1557 493 1610 negarent.

740 1797 932 1827 PETRUS.

296 1863 372 1906 An
401 1861 529 1906 istud
554 1862 705 1907 licet?

748 1979 922 2010 JULIUS.

298 2051 428 2107 Quid
467 2052 517 2096 ni
557 2052 710 2109 liceat,
749 2052 1043 2113 approbante
1073 2068 1261 2100 summo
1293 2056 1422 2100 Pon-

239 2118 404 2179 tifice?

724 2200 921 2231 PETRUS.

296 2272 429 2327 Quid
438 2274 465 2317 ,9
486 2273 654 2334 Igitur
676 2273 719 2319 si
742 2274 879 2321 volet.
896 2275 1243 2335 jusjurandum
1259 2275 1422 2336 jusju-
