1508 2671
289 118 389 173 126
791 117 968 172 Jufius

275 235 472 294 nuntiis,
509 242 736 280 renovato
766 234 920 281 veteri
950 234 996 279 in
1031 234 1199 280 Gallos
1231 235 1338 280 odio
1373 250 1463 296 quo

276 301 354 347 vir
401 301 485 347 ille
532 301 712 346 mirum
767 315 909 360 quam
970 307 1159 362 semper
1199 301 1458 363 flagravit,

276 368 470 414 etiamsi
495 368 664 413 deerat
686 366 947 413 ulciscendi
956 368 1191 428 facultas.
1218 368 1334 413 Jam
1357 368 1462 413 An-

273 434 385 496 glos
407 433 614 480 sciebam
634 435 843 495 genuino
874 434 982 479 odio
1004 448 1106 480 esse
1130 435 1178 479 in
1208 434 1463 479 Gallorum

273 509 481 563 gentem,
524 509 571 545 et
609 500 684 546 his
726 500 1138 560 conjunctissimos
1163 497 1362 558 Scotos5
1400 501 1465 546 ad

274 569 375 612 haec
410 567 740 627 intelligebam
780 567 1021 612 nationem
1056 568 1378 629 praeferocem
1417 576 1465 613 et

277 633 390 679 belli
419 633 658 694 cupidam,
702 634 840 695 idque
868 634 1177 695 potissimum
1206 634 1465 696 praedandi

273 715 378 761 spe,
420 708 521 745 tum
564 700 710 745 etiam
761 701 1145 762 superstitiosam
1188 701 1461 762 aliquantu-

275 767 388 823 lum,
439 766 564 826 quod
605 766 886 828 longissime
920 767 1047 812 absit
1081 781 1112 812 a
1146 768 1305 813 Roma
1320 787 1337 825 ,·
1369 782 1463 829 po—

271 841 452 878 stremo
478 831 528 876 id
553 833 783 894 temporis
818 847 938 880 nova
963 833 1184 879 libertate
1208 835 1332 894 (qua³
1357 842 1461 878 tan-

275 899 383 944 dem
422 898 521 944 illis
557 907 713 944 morte
748 900 884 961 regis
923 901 1134 946 omnium
1169 901 1464 947 severissimi

275 965 565 1027 contigerat)
585 965 839 1011 insolentes
862 980 919 1011 ac
935 982 1076 1028 paene
1101 967 1456 1024 tumultuantes,

274 1040 326 1076 ut
347 1032 505 1093 facile
530 1033 642 1092 J'am
667 1041 866 1092 possent
893 1033 957 1077 ad
984 1034 1200 1094 quamvis
1225 1034 1461 1079 insaniam

274 1098 587 1155 extimulari;
620 1098 837 1160 quodque
870 1101 1088 1145 maxime
1122 1100 1352 1158 volebam,
1380 1114 1460 1145 ac-

274 1164 417 1211 cessit
437 1164 500 1209 ad
518 1165 922 1226 opportunitatem
945 1181 1109 1212 rerum
1131 1182 1350 1213 mearum
1368 1181 1464 1212 rex

272 1231 532 1276 admodum
558 1231 846 1289 adolescens,
875 1233 950 1278 vel
963 1249 1089 1295 puer
1103 1235 1282 1296 potius,
1311 1249 1463 1296 nuper

273 1312 425 1358 regno
444 1298 640 1359 potitus,
664 1298 857 1360 ingenio
882 1300 986 1344 acri
1008 1300 1253 1362 vividoque
1276 1315 1332 1347 ac
1351 1315 1461 1347 vere

262 1364 490 1425 juvenili,
520 1364 607 1409 hoc
645 1373 728 1422 est,
772 1365 978 1425 inquieto
1018 1375 1064 1412 et
1103 1367 1337 1425 bellicoso,
1376 1383 1460 1413 nec

272 1438 414 1476 aetate
447 1438 631 1476 tantum
663 1431 963 1491 ambitiosus,
990 1433 1075 1479 sed
1106 1443 1152 1479 et
1182 1435 1246 1480 ad
1269 1448 1345 1480 res
1370 1449 1458 1479 non

272 1496 538 1543 mediocres
574 1506 786 1557 erectus,
829 1499 911 1560 qui
942 1500 1053 1560 jam
1090 1509 1189 1546 tum
1224 1515 1255 1545 a
1281 1501 1460 1563 primis

272 1564 411 1609 annis
432 1564 522 1608 huc
544 1572 783 1624 spectasse
799 1565 1058 1624 dicebatur,
1085 1576 1138 1612 ut
1160 1567 1329 1613 Gallos
1348 1567 1460 1613 ado-

273 1630 457 1675 riretur
492 1630 674 1687 armis,
698 1645 842 1692 super
867 1633 1027 1677 omnia
1051 1633 1208 1695 affinis
1240 1642 1346 1679 erat
1366 1635 1427 1679 H
1429 1634 1461 1678 i-

273 1711 421 1757 spano
451 1697 574 1759 regi,
602 1711 740 1756 quem
765 1699 877 1756 jam
912 1700 976 1743 ad
1009 1714 1150 1746 arma
1188 1710 1458 1746 traxeram.

271 1763 426 1808 Hisce
453 1763 596 1809 rebus
628 1764 847 1810 omnibus
872 1779 984 1811 usus
1011 1780 1116 1812 sum
1143 1768 1207 1812 ad
1228 1767 1462 1813 Ecclesice

272 1829 673 1887 commoditatem,
704 1844 761 1875 ac
783 1833 1027 1878 sexcentis
1065 1833 1221 1878 literis
1249 1849 1337 1879 non
1363 1833 1463 1878 abs-

271 1910 360 1956 que
401 1895 593 1957 ingenio
633 1897 828 1958 scriptis
873 1899 1063 1944 tandem
1105 1900 1277 1946 involvi
1313 1900 1460 1945 Prin-

272 1962 400 2022 cipes
422 1962 542 2007 bello
567 1963 778 2007 omnium
811 1965 1120 2026 gravissimo.
1155 1968 1327 2028 Neque
1350 1982 1461 2012 vero

272 2042 538 2088 quenquam
560 2038 843 2074 caeterorum
867 2031 1149 2079 intentatum
1174 2033 1362 2094 reliqui,
1385 2048 1462 2078 ne-

272 2109 361 2154 que
391 2109 561 2156 regem
585 2096 964 2157 Hungarorum,
998 2114 1151 2160 neque.
1177 2100 1458 2157 Lusitanice,

273 2174 420 2220 neque
444 2162 847 2222 Burgundionum
870 2164 1067 2225 regibus
1083 2180 1253 2227 parem
1276 2166 1457 2213 ducem.

279 2225 449 2274 Verum
475 2228 589 2287 quia
619 2230 683 2274 ad
707 2228 790 2275 hos
819 2226 939 2275 nihil
959 2231 1130 2278 harum
1157 2247 1320 2278 rerum
1342 2232 1458 2277 atti-
