1508 2671
263 180 279 216 1
297 161 366 215 30
759 160 932 215 Julius

252 292 420 340 nempe
465 286 516 323 ut
560 278 766 323 Geldros
812 277 969 324 hostes
1006 277 1321 341 gravissimos
1364 279 1435 337 (in

250 359 366 405 quos
398 344 510 390 belli
537 343 829 406 suscipiendi
841 344 1019 404 fuerat
1042 344 1201 404 autor)
1222 359 1253 389 a
1272 353 1438 405 nepote

251 426 335 457 suo
366 411 770 473 Burgundionum
801 411 1032 472 Principe
1067 410 1343 472 depelleret.
1368 412 1440 456 Et

254 485 410 522 tamen
443 477 602 540 effeci,
644 485 696 522 ut
722 477 825 523 suis
856 477 1049 523 omissis
1077 492 1236 522 meum
1269 486 1440 538 ageret

251 543 522 604 negocium.
552 543 679 589 Cum
707 540 842 588 nulla
867 557 989 603 gens
1019 543 1098 601 sit,
1138 543 1267 605 apud
1297 558 1438 604 quam

252 610 411 655 minus
454 609 614 656 valeat
650 608 843 655 Summi
886 609 1135 671 Pontificis
1176 610 1438 668 autoritas,

251 690 396 737 quam
423 675 700 737 Anglorum
735 675 805 735 (id
834 676 961 736 quod
975 676 1202 738 protinus
1227 676 1438 735 liquebit,

250 742 296 788 si
319 742 422 802 quis
447 741 548 787 divi
577 741 777 787 Thomoe
810 742 1180 800 Cantuariensis
1210 742 1442 804 Episcopi

251 809 298 855 vi
302 817 401 853 tam
420 822 478 854 ac
498 816 712 854 veterum
734 810 930 871 Regum
949 802 1304 855 constitutiones
1325 809 1443 855 evol-

250 874 423 934 verit),
469 889 526 921 ea
567 883 724 921 tamen
759 889 881 937 gens
916 875 1097 937 alioqui
1135 875 1440 921 exactionum

252 941 688 1003 impatientissima,
720 956 869 1002 passa
908 950 979 988 est
1016 956 1067 988 se
1092 942 1441 1004 propemodum

252 1008 466 1070 deglubi.
493 1008 686 1054 Mirum
711 1017 887 1066 autem,
917 1009 1147 1070 quomodo
1171 1009 1443 1055 sacerdotes

251 1089 454 1136 quoque,
500 1074 581 1134 qui
636 1075 770 1120 nobis
828 1083 1167 1121 consueverant
1220 1075 1441 1137 quicquid

244 1149 446 1202 possunt
502 1141 811 1199 subtrahere,
866 1141 1162 1187 adduxerim
1222 1150 1276 1186 ut
1328 1142 1440 1203 regi

253 1208 484 1252 tributum
540 1216 872 1265 numerarent,
928 1208 1057 1253 haud
1091 1208 1440 1270 perpendentes

250 1274 522 1335 cujusmodi
555 1275 833 1335 fenestram
872 1274 1071 1336 regibus
1114 1275 1162 1319 in
1193 1283 1441 1336 posterum

250 1340 540 1402 aperuerint.
575 1340 862 1402 Quanquam
899 1355 982 1385 nec
1019 1340 1113 1401 ipsi
1147 1355 1291 1403 reges
1321 1340 1441 1386 satis

249 1406 714 1464 animadvertebant,
763 1406 889 1467 quod
924 1407 1199 1468 exemplum
1233 1407 1438 1452 induxe-

251 1473 351 1518 rint
408 1473 638 1519 adversus
682 1473 885 1534 seipsos,
938 1488 1128 1535 nempe,
1189 1482 1242 1518 ut
1299 1473 1442 1518 liceat

242 1547 415 1601 postea
438 1541 657 1585 Romano
673 1539 901 1601 Pontifici
918 1554 1071 1602 regno
1090 1554 1281 1586 movere
1299 1554 1439 1602 quem

250 1606 408 1652 oderit
437 1606 735 1667 Principem.
771 1606 842 1652 Et
873 1607 989 1652 Rex
1026 1606 1301 1653 adolescens
1332 1620 1439 1651 ma-

239 1673 349 1734 jori
383 1673 531 1719 etiam
575 1681 709 1719 motu
748 1687 852 1718 rem
883 1687 1152 1735 aggressus
1188 1682 1258 1720 est
1296 1687 1439 1735 quam

248 1740 479 1797 volebam,
508 1747 593 1784 aut
615 1753 759 1801 quam
773 1739 1039 1800 jusseram,
1071 1739 1265 1786 tametsi
1287 1739 1437 1785 male-

252 1807 361 1852 bam
387 1806 434 1851 in
457 1805 577 1851 hanc
597 1805 790 1866 peccari
809 1814 1018 1867 partem.
1054 1806 1170 1852 Jam
1201 1820 1312 1852 vero
1336 1806 1438 1851 lon-

248 1887 369 1935 gum
382 1872 545 1934 fuerit
564 1872 815 1934 explicare
833 1872 1110 1932 sigillatim,
1131 1872 1300 1933 quibus
1319 1873 1438 1917 arti-

253 1940 338 1984 bus
373 1953 453 1985 eos
479 1939 732 2000 Principes
762 1938 827 1984 ad
862 1947 961 1984 tam
982 1939 1309 2001 periculosum
1339 1939 1435 1984 bel-

253 2005 351 2051 lum
382 2005 642 2050 excitarim
681 2005 728 2050 in
767 2005 1092 2063 Christianos,
1129 2020 1245 2067 quos
1277 2005 1436 2050 nullus

250 2085 457 2132 unquam
481 2071 721 2132 Pontifex
743 2072 817 2118 vel
841 2073 887 2117 in
919 2073 1105 2119 Turcas
1126 2072 1282 2133 potuit
1303 2072 1437 2117 exci-

253 2147 373 2186 tare.
