1508 2671
290 182 395 235 144
787 161 964 215 Julius

282 294 514 343 magnum
550 277 690 324 minis
727 277 997 322 indicimus.

774 467 969 500 PETRUS.

345 544 494 605 Atqui
518 543 635 589 nihil
659 541 813 588 adhuc
837 540 992 598 audio,
1025 539 1117 587 nisi
1144 538 1383 585 mundum.

788 734 958 767 JULIUS.

357 820 429 866 Tu
468 818 689 880 sortasse
746 825 954 863 veterem
1010 814 1145 860 illam
1206 811 1508 859 Ecclesiam.

291 885 447 931 adhuc
492 883 726 940 somnias,
769 883 816 928 in
858 896 951 944 qua
999 890 1049 926 tu
1092 895 1199 926 cum
1226 878 1478 940 famelicis

294 952 474 1012 aliquot
496 949 752 1012 Episcopis
775 948 1030 1011 frigidum
1056 961 1169 992 sane
1196 945 1479 1006 Pontificem

294 1017 498 1080 agebas,
545 1016 849 1077 paupertati,
896 1013 1084 1072 sudori⁷
1123 1012 1375 1074 periculis,
1426 1024 1481 1055 ac

295 1084 429 1130 mille
475 1082 713 1128 obnoxius
750 1081 1075 1128 incommodi&
1122 1081 1236 1126 Jam
1279 1086 1397 1122 aetas
1434 1077 1480 1120 in

295 1149 464 1194 melius
504 1148 814 1194 commutavit
852 1147 1013 1193 omnia
1046 1163 1057 1189 .-
1093 1145 1194 1191 alia
1229 1145 1370 1206 longe
1405 1157 1481 1188 res

296 1230 415 1261 nunc
462 1223 531 1261 est
585 1215 831 1261 Romanus
879 1213 1140 1272 Pontifex,
1191 1219 1240 1256 tu
1295 1210 1483 1255 nomine

299 1281 529 1342 tituloque
576 1281 837 1326 dumtaxat
892 1294 1001 1325 eras
1045 1277 1301 1339 Pontifex
1355 1275 1484 1332 Quid

299 1362 419 1393 nunc
474 1347 517 1394 si
573 1347 759 1394 videres
816 1354 885 1392 tot
935 1359 1100 1391 sacras
1152 1343 1278 1390 cedes
1329 1341 1484 1405 regiis

301 1422 551 1459 extructas
573 1413 754 1475 opibus,
782 1421 849 1459 tot
869 1412 1039 1474 ubique
1059 1410 1361 1458 sacerdotum
1381 1408 1486 1454 mil-

304 1481 393 1535 lia,
431 1479 688 1553 plerosque
726 1493 867 1525 censu
910 1477 1230 1539 amplissimo,
1274 1483 1340 1521 tot
1385 1475 1484 1536 epi-

300 1559 464 1607 scopos
488 1546 642 1591 armis
675 1554 722 1591 et
752 1545 919 1606 opibus
952 1543 1154 1590 summis
1183 1555 1326 1604 pares
1351 1541 1485 1603 regi-

303 1614 399 1670 bus,
431 1620 498 1658 tot
520 1612 909 1674 splendidissima
936 1610 1238 1657 sacerdotum
1260 1608 1486 1671 palatia?

225 1734 228 1737 ⁴
296 1679 543 1741 praecipue
565 1693 677 1724 vero
702 1679 745 1725 si
767 1680 937 1724 Romae
957 1689 1078 1722 nunc
1100 1676 1263 1722 videas
1286 1681 1353 1720 tot
1369 1687 1487 1736 pur-

295 1753 500 1807 puratos
540 1740 841 1802 Cardinales,
884 1743 1152 1806 legionibus
1177 1741 1403 1803 famul07
1407 1752 1487 1785 um

301 1811 524 1872 stipatos,
572 1820 640 1857 tot
682 1824 822 1873 equos
856 1811 966 1872 plus
1006 1824 1148 1884 quam
1190 1808 1374 1871 regios,
1421 1814 1489 1851 tot

302 1877 457 1922 mulos
483 1878 643 1939 bysso,
676 1892 811 1935 auro,
841 1877 1050 1940 gemmis
1074 1883 1281 1931 ornatos,
1308 1873 1490 1934 aliquot

299 1943 442 1988 soleis
480 1944 626 1989 etiam
659 1944 822 1989 aureis
854 1952 900 1987 et
929 1941 1177 2005 argenteis
1214 1939 1488 1986 calceatos?

299 2010 413 2054 ,Iam
456 2010 501 2055 si
546 2012 800 2057 Summum
840 2009 1123 2071 Pontificem
1170 2007 1482 2067 conspiceres,

298 2076 553 2121 sublimem
591 2077 637 2121 in
673 2090 823 2122 aurea
865 2076 988 2122 sella
1025 2074 1237 2121 militum
1273 2071 1488 2118 humeris

297 2142 422 2198 vehi,
455 2143 519 2188 ad
543 2157 740 2189 manum
764 2149 945 2188 motam
971 2141 1158 2204 passim
1184 2153 1345 2186 omnes
1370 2138 1485 2183 ado-

298 2211 500 2254 rantes?
529 2210 587 2255 Si
610 2209 846 2271 crepitum
870 2207 1065 2254 audires
1094 2205 1478 2261 bombardarum‚

291 2289 332 2319 sz
368 2275 650 2337 clangorem
690 2275 926 2332 tubarum,
965 2275 1007 2322 si
1042 2272 1229 2320 bombos
1258 2270 1482 2319 classico-
