1508 2671
287 165 388 203 120
788 149 963 204 Jufius

275 280 450 314 semus.
481 267 657 312 Verum
685 265 806 310 illud
829 265 1023 326 expedi,
1054 265 1171 310 adeo
1205 264 1463 327 religiosos·

270 332 517 395 principes
547 346 667 377 nunc
702 332 842 376 habet
876 331 1093 389 mundus,
1137 339 1358 392 tantaque
1393 339 1463 376 est

276 400 404 460 apud
451 399 559 445 illos
602 398 906 444 sacerdotum
961 396 1245 455 reverentia,
1302 406 1355 442 ut
1400 397 1464 442 ad

279 466 431 523 unius,
476 474 619 527 atque
664 465 783 510 adeo
828 464 939 510 talis
982 473 1163 521 nutum,
1214 464 1277 509 ad
1321 477 1464 509 arma

279 531 608 578 descenderint
643 531 898 577 universi?
938 532 1074 576 Nam
1115 530 1234 576 meis
1272 530 1463 591 quidem

279 599 586 660 temporibus,
624 598 708 645 hos
750 597 1092 659 infestissimos
1121 597 1277 644 hostes
1302 597 1462 658 patie-

281 664 465 711 bamur.

784 858 957 890 JULIUS.

341 939 585 995 Quantum
625 938 689 984 ad
719 939 867 985 vitam
901 939 1085 995 attinet,
1124 954 1212 984 non
1246 947 1355 984 sunt
1385 937 1464 982 ad-

282 1006 474 1050 modum
506 1005 832 1067 superstitiosi
863 1005 1174 1051 Christiani:
1207 1019 1291 1051 nos
1319 1005 1466 1065 plane

281 1080 597 1130 contemnunt,
627 1087 684 1118 ac
699 1085 794 1134 pro
825 1071 1133 1134 nugamentis
1159 1072 1342 1129 liabent,
1374 1072 1467 1116 nisi

281 1139 405 1199 quod
443 1139 627 1200 aliquot
678 1154 744 1184 ex
794 1138 868 1184 his
919 1138 1211 1200 infirmiores
1255 1138 1468 1183 nonnihil

282 1213 496 1250 metuunt
522 1205 785 1267 terrificum
823 1205 944 1250 illud
964 1206 1158 1266 fulmen
1184 1219 1465 1250 excommu-

281 1272 555 1330 nicationis,-
595 1287 680 1317 nec
717 1272 767 1317 hi
809 1280 965 1317 tamen
998 1271 1207 1333 perinde
1242 1286 1295 1317 re
1325 1280 1466 1331 atque

281 1338 501 1399 opinione
551 1347 924 1386 commoventur.
969 1340 1093 1385 Sunt
1145 1338 1225 1399 qui
1278 1346 1466 1384 nostras

281 1419 391 1466 opes
433 1405 509 1451 vel
547 1413 745 1467 sperant
785 1405 861 1451 vel
907 1413 1137 1460 metuunt,
1179 1419 1324 1466 eoque
1362 1419 1467 1449 non-

280 1471 402 1516 nihil
422 1480 598 1517 nostrae
621 1471 845 1531 deserunt
871 1471 1127 1517 autoritati
1137 1490 1155 1529 ,-
1186 1471 1465 1532 quibusdam

273 1552 580 1598 persuasum,
610 1538 780 1600 ingens
801 1538 995 1600 aliquod
1020 1537 1340 1599 infortunium
1362 1551 1464 1582 ma-

281 1618 394 1649 nere
444 1604 549 1662 hos,
587 1605 668 1664 qui
705 1604 1031 1651 sacerdotibus
1065 1604 1468 1665 qualibuscunque

281 1671 529 1733 negotium
551 1672 837 1732 facessunt,-
864 1684 1026 1717 omnes
1050 1672 1233 1732 ferme,
1270 1678 1323 1715 ut
1359 1678 1467 1715 sunt

278 1737 485 1783 civiliter
517 1738 719 1795 educati,
760 1737 974 1784 nonnihil
1011 1737 1225 1783 tribuunt
1255 1751 1465 1782 ceremo-

281 1804 388 1861 niis,
430 1805 710 1866 praesertim
753 1819 782 1849 a
825 1804 959 1849 nobis
1001 1804 1250 1864 provocati
1292 1820 1307 1849 .·
1354 1817 1467 1848 nam

281 1872 565 1917 ceremoniae
595 1886 678 1917 ceu
703 1871 898 1933 fabulae
925 1870 1144 1932 quaedam
1174 1870 1320 1931 vulgo
1345 1869 1465 1915 dan-

284 1944 388 1993 tur,
414 1945 640 1983 coeterum
667 1952 743 1983 res
769 1937 963 1982 interim
994 1937 1122 1982 serio
1147 1936 1333 1998 agitur.
1360 1937 1468 1981 Nos

284 2003 391 2049 illos
425 2004 702 2066 magnificis
746 2003 898 2049 titulis
934 2003 1229 2060 decoramus,
1280 2001 1468 2047 etiamsi

281 2070 378 2114 sint
415 2070 779 2116 sceleratissimi
819 2087 832 2114 .·
873 2071 995 2115 lzunc
1033 2086 1056 2112 «
1094 2068 1401 2115 Catholicum
1441 2085 1465 2110 n

282 2137 595 2197 appellantes,
624 2137 760 2182 illum
790 2153 808 2180 «
842 2136 1220 2183 Serenissimum
1248 2153 1285 2192 ι),
1315 2134 1466 2180 alium

287 2219 309 2244 «
353 2203 739 2249 Illustrissimum
773 2203 1003 2262 »,·alium
1048 2220 1066 2246 «
1106 2204 1385 2262 Augustum
1425 2214 1465 2257 »3

284 2284 444 2315 omnes
487 2286 509 2312 c<
552 2270 763 2315 Dilectos
802 2268 949 2315 Filios
982 2287 1005 2312 ›>
1042 2269 1354 2316 nominamus.
1384 2267 1470 2312 Illi
