1508 2671
272 115 342 168 30
778 113 954 168 Julius

266 230 498 291 quomodo
512 230 832 292 pervenerim.
863 231 977 276 Jam
1001 231 1047 274 in
1069 231 1352 292 pontificatu
1377 248 1452 278 me

267 298 337 341 ita
361 297 508 358 gessi,
541 305 592 341 ut
621 312 758 341 nemo
783 298 860 347 sit,
888 312 981 341 non
1002 297 1157 341 dicam
1177 298 1453 358 priscorum

269 363 464 407 illorum
480 363 776 424 pontificum,
816 364 898 424 qui
938 363 1038 407 solo
1074 364 1212 408 titulo
1240 365 1360 409 mihi
1383 365 1453 410 νὶ-

270 429 444 473 dentur
470 443 570 474 esse
599 429 864 490 pontifices,
900 429 984 474 sed
1009 444 1091 473 nec
1119 430 1450 487 recentiorum,

271 496 347 540 cui
376 503 561 539 tantum
594 495 834 551 Ecclesia,
874 503 1059 540 tantum
1092 496 1316 542 Christus
1357 497 1458 558 ipse

273 561 455 620 debeat7
481 569 709 622 quantum
738 561 875 607 mihi.

780 882 960 916 GENIUS.

339 957 404 1002 Ut
430 956 725 1002 Thrasonem
747 957 855 1019 agit
881 956 1045 1002 belua!

770 1083 968 1114 PETRUS.

334 1157 559 1217 Expecto
580 1170 807 1217 quorsum
826 1157 1015 1202 evadas.

782 1295 956 1326 JULIUS.

336 1362 472 1406 Nam
492 1361 656 1406 multis
681 1361 849 1422 officiis
872 1361 960 1415 (sic
983 1362 1109 1406 enim
1127 1362 1311 1416 vocant)
1333 1363 1464 1409 novis

281 1428 507 1487 repertis,
546 1443 634 1472 non
676 1427 984 1473 mediocriter
1009 1429 1133 1473 auxi
1143 1429 1321 1490 fiscum
1341 1445 1463 1490 pon-

283 1494 494 1555 tificium.
533 1496 657 1539 Tum
685 1495 922 1539 rationem
949 1495 1117 1552 inveni,
1150 1503 1201 1539 ut
1225 1496 1349 1540 citra
1383 1496 1464 1541 Si-

281 1561 455 1604 monia9
490 1560 659 1606 vitium
697 1561 996 1621 episcopatus
1037 1570 1323 1606 emerentur.
1364 1562 1464 1606 Ni—

282 1627 461 1671 mirum
502 1627 809 1671 constitutum
852 1636 921 1672 est
959 1642 988 1671 a
1024 1628 1288 1688 majoribus
1327 1629 1461 1685 meis,

282 1702 335 1737 ut
373 1694 451 1753 qui
488 1694 750 1754 contigerit
786 1694 1130 1754 Episcopatus,
1181 1695 1221 1740 is
1263 1695 1468 1755 deponat

284 1759 506 1820 officium.
528 1759 587 1804 Id
603 1760 669 1803 ita
682 1775 788 1805 sum
803 1760 1173 1821 interpretatus:
1197 1777 1214 1803 «
1233 1760 1467 1820 deponere

273 1826 466 1885 juberis
482 1845 497 1881 ,-
541 1835 592 1870 at
626 1841 714 1870 non
748 1826 998 1886 deponitur
1034 1827 1157 1886 quod
1181 1841 1269 1870 non
1295 1827 1467 1883 habes,-

285 1892 535 1936 emena'um
571 1892 726 1953 igitur
757 1893 879 1952 quod
907 1894 1171 1953 deponas».
1213 1893 1326 1937 Hac
1362 1901 1469 1937 arte

284 1958 468 2020 singuli
505 1959 825 2019 Episcopatus
864 1973 978 2003 sena
1016 1958 1196 2014 statim,
1239 1967 1321 2003 aut
1362 1973 1468 2020 sep-

287 2033 395 2068 tena
429 2025 711 2068 ducatorum
745 2025 902 2068 millia
943 2024 1249 2085 adferebant,
1284 2034 1470 2085 prceter

288 2091 376 2135 illa
415 2106 519 2151 qua?
541 2106 605 2135 ex
645 2106 779 2136 more
796 2106 889 2152 pro
924 2091 1065 2137 bullis
1102 2099 1464 2151 extorquentur.

290 2157 417 2213 Quin
452 2172 517 2201 ex
557 2173 674 2203 nova
707 2166 896 2202 moneta
935 2158 1046 2218 (qua
1090 2166 1238 2203 totam
1279 2158 1472 2219 explevi

287 2224 507 2282 Italiam)
546 2239 635 2269 non
678 2225 915 2286 exiguum
957 2224 1327 2270 emolumentum
1358 2238 1470 2269 con—
