1508 2671
288 148 303 183 1
327 147 395 200 14
784 130 961 186 Julius

781 284 940 315 JULIUS

332 350 577 411 Nugaris,
608 350 705 396 imo
738 350 976 410 Simonia,
1014 351 1322 413 blasphemias,
1363 352 1462 398 Zo-

276 416 453 475 domz'a,
480 416 716 480 veneficio,
742 417 1014 479 sortilegio,

769 572 962 604 PETRUS.

335 639 473 685 Bona
496 637 676 685 verba!

791 756 967 788 JULIUS.

334 823 511 869 Itidem
535 831 589 869 ut
615 831 664 869 tu
685 837 807 869 nunc
825 823 1137 883 abominaris,
1164 832 1211 869 et
1236 824 1329 870 isti.

779 933 977 965 PETRUS.

337 999 518 1046 Omitto
542 998 750 1057 nomina,
777 1007 829 1043 at
859 1013 938 1045 res
971 1007 1083 1044 sunt
1113 1001 1242 1060 apud
1279 1014 1376 1058 vos,
1413 1009 1465 1046 ut

279 1081 337 1112 ne
360 1065 518 1112 dicam
544 1065 672 1127 apud
696 1065 820 1112 ullos
848 1065 1154 1112 Christianos
1171 1067 1199 1111 ,9

783 1243 958 1276 JULIUS.

333 1311 462 1357 Sane
493 1309 710 1355 Barbari
748 1324 838 1355 non
881 1309 974 1372 ipsi
1011 1317 1181 1356 vacant
1206 1310 1353 1369 vitiis,
1382 1313 1466 1358 sed

273 1391 382 1422 cum
426 1376 632 1423 diversis
674 1376 907 1435 laborent,
950 1385 1116 1422 nostra
1152 1386 1460 1435 execrantur,

273 1444 374 1490 suis
398 1442 739 1500 blandiuntur余
774 1457 858 1489 nos
886 1451 1053 1489 contra
1076 1444 1253 1490 nostris
1279 1445 1464 1490 blandi-

275 1525 399 1568 mur,
427 1510 623 1555 illorum
647 1509 987 1556 abominamur
1017 1527 1029 1555 :
1067 1524 1151 1556 nos
1188 1511 1467 1557 abominan-

275 1577 390 1621 dum
420 1577 659 1637 probrum
684 1576 903 1622 ducimus
928 1590 986 1622 ac
1010 1591 1101 1638 per
1122 1577 1214 1637 sas
1237 1578 1467 1638 nefasque

264 1642 564 1705 fugiendum
582 1651 950 1703 paupertatem余
985 1643 1061 1688 illi
1094 1644 1184 1690 vix
1221 1643 1464 1690 Christia-

274 1724 389 1754 num
430 1723 532 1754 esse
573 1709 864 1754 existimant
901 1709 1066 1770 opibus
1098 1709 1226 1771 frui,
1254 1710 1329 1756 vel
1364 1711 1465 1755 sine

265 1775 454 1837 fraude
476 1774 722 1836 quoesitis5
761 1789 845 1821 nos
884 1775 1164 1821 ebrietatem
1197 1789 1281 1820 nec
1311 1776 1463 1821 nomi-

274 1856 393 1887 nare
437 1841 670 1887 audemus
716 1844 1005 1903 (quanquam
1048 1842 1137 1887 hac
1175 1842 1368 1902 quidem
1416 1843 1463 1887 in

270 1916 411 1969 parte
442 1923 532 1953 non
570 1908 639 1953 ita
671 1910 970 1955 veliementer
1000 1909 1060 1954 ab
1086 1909 1184 1955 illis
1207 1909 1461 1954 dissentia-

273 1989 393 2033 mus,
423 1975 466 2021 si
487 1983 664 2020 coetera
687 1975 996 2035 conveniant),
1024 1984 1075 2021 at
1106 1975 1343 2020 Germani
1364 1975 1464 2021 leve

268 2049 444 2102 putant
490 2049 706 2087 erratum
749 2049 796 2086 et
837 2042 1077 2103 festivum
1117 2041 1279 2103 magis
1318 2056 1459 2101 quam

274 2107 561 2152 sceleratum
575 2127 592 2165 余
617 2122 815 2153 usuram
838 2109 1143 2154 vehementer
1167 2116 1460 2153 execrantur

275 2174 368 2232 illi,
405 2181 457 2218 at
499 2174 628 2235 apud
669 2189 753 2220 nos
796 2175 981 2220 nullum
1020 2175 1263 2220 hominum
1305 2188 1460 2235 genus

275 2254 409 2301 oeque
436 2242 759 2287 necessarium
790 2242 1025 2288 Ecclesiae
1056 2241 1246 2287 Christi
1258 2260 1275 2298 余
1305 2242 1456 2288 Vene-
