1508 2671
304 152 379 222 64
810 151 986 207 Julius

301 268 421 313 mihi
457 268 742 325 Concilium,
787 268 1001 324 invitant,
1042 277 1193 326 orant,
1232 277 1282 314 ut
1306 270 1508 331 prcesi-1

301 334 454 380 deam.
496 335 655 390 Quum
693 349 781 379 non
823 334 1094 395 impetrant,
1135 334 1343 380 indicunt
1380 336 1483 380 uni-

300 401 465 459 versis,
501 410 670 445 autore
693 400 1044 445 Maximiliano
1074 409 1297 462 tanquam
1335 401 1485 462 impe·-

303 475 464 512 ratore
484 466 628 527 (quod
651 466 864 511 historice
890 474 1136 524 testantur,
1164 467 1279 512 olim
1300 467 1360 512 ab
1379 469 1484 512 Im—

295 534 601 595 peratoribus
617 532 852 577 Romanis
872 532 1139 577 Concilium
1158 533 1303 578 indici
1314 533 1486 591 solere)

302 608 470 645 autore
503 600 616 644 item
651 599 906 644 Gallorum
943 613 1061 660 rege
1095 599 1350 657 Ludovico,
1384 601 1487 661 ejus

303 666 506 710 nominis
542 664 839 722 duodecimo,
883 665 1106 711 horresco
1144 667 1385 725 reserens,
1432 679 1488 710 ac

305 732 513 776 tunicam
540 731 674 776 illam
696 731 885 778 Christi
910 732 1238 777 inconsutilem
1259 740 1508 780 conantur.

304 798 587 855 disci,ndere
614 813 756 858 quam
785 798 820 842 ii
843 812 1026 859 quoque
1051 798 1344 858 reliquerunt
1370 799 1487 844 inte-

303 879 465 926 gram,
496 865 578 925 qui
604 864 854 911 Christum
880 865 1241 926 crucifixerunt.

805 1261 997 1292 PETRUS.

365 1342 463 1388 Sed
490 1356 597 1388 eras
624 1341 893 1388 istiusmodi
924 1341 1113 1403 qualem
1150 1341 1224 1386 illi
1248 1341 1491 1403 praedic&

309 1409 459 1454 bant?

814 1504 988 1535 JULIUS.

370 1586 499 1642 Quid
529 1585 593 1631 ad
624 1587 768 1631 rem?
798 1587 1029 1631 Summus
1066 1599 1202 1630 eram
1234 1585 1488 1645 Pontifex,

295 1653 437 1716 finge
470 1667 545 1697 me
574 1652 647 1698 vel
684 1651 976 1712 Cercopibus
1011 1650 1382 1707 sceleratiorem,
1419 1650 1494 1696 vel

308 1719 552 1779 Morycho
571 1718 858 1774 stultiorem,
885 1718 959 1763 vel
981 1717 1292 1762 indoctiorem
1313 1717 1489 1778 stipite,

308 1785 605 1847 spurciorem
631 1785 807 1829 Lerna.
842 1784 1069 1844 Quisquis
1104 1784 1224 1828 hanc
1254 1791 1379 1828 tenet
1399 1798 1492 1843 po-

311 1852 470 1897 tentia)
493 1852 688 1908 clavem,
720 1866 826 1896 eum
862 1850 1006 1906 decet,
1043 1858 1096 1894 ut
1131 1850 1317 1895 Christi
1353 1850 1493 1895 Vica-

311 1917 438 1963 rium
461 1917 686 1975 revereri,
715 1925 767 1963 ut
793 1916 1149 1963 sanctissimum
1173 1915 1433 1977 suspicere.

810 2180 1005 2211 PETRUS.

371 2262 540 2309 Etiam
564 2270 730 2323 aperte
755 2260 932 2306 malum
949 2262 977 2305 ,9
