1508 2671
292 155 394 210 118
787 154 968 210 Jufius

282 280 429 318 tatem
452 279 733 318 teneremus.
757 271 908 333 Atqui
930 271 1004 319 his
1024 285 1050 317 e
1073 271 1215 318 rebus
1240 272 1468 318 intolera-

284 338 393 384 bilis
416 338 653 385 Ecclesice
681 337 978 384 Christiana·
989 339 1191 399 J'actura
1214 339 1427 384 nascitur
1453 356 1465 383 :

281 405 657 467 dispensationes
676 414 722 450 et
741 406 997 466 pauciores
1022 414 1068 450 et
1087 405 1288 451 minoris
1312 405 1469 451 vendi-

281 486 388 518 mus
401 491 418 530 ,·
443 472 602 518 minor
632 485 799 518 census
834 471 963 517 redit
998 486 1065 517 ex
1100 471 1466 533 episcopatibus,

281 547 328 585 et
356 538 654 595 sacerdotiis,
694 546 743 583 et
781 537 1016 595 abbatiis5
1051 538 1241 600 vulgus,
1277 538 1321 583 si
1355 537 1471 599 quid

282 605 520 666 exigitur,
551 605 821 667 malignius
846 604 929 649 dat
938 623 955 661 ,·
983 604 1204 662 breviter,
1231 604 1469 650 undecun—

279 687 370 734 que
386 674 592 734 paucior
615 679 837 731 quaestus,
871 680 917 716 et
938 671 1206 717 steriliores
1229 672 1467 720 nundinoe.

281 740 537 786 Postremo
561 738 785 800 fulmina
813 752 998 799 quoque
1032 746 1198 784 nostra
1233 739 1392 784 minus
1414 752 1472 784 ac

281 806 439 851 minus
459 805 659 851 horrent
682 821 696 850 .-
723 805 848 866 quod
869 805 913 850 si
935 805 1084 850 semel
1105 819 1159 850 eo
1179 805 1473 867 processerit

281 872 500 929 audacia,
543 879 595 917 ut
640 871 802 918 dicant
844 871 1134 918 sceleratum
1186 871 1469 934 Pontificem

281 939 401 984 nihil
424 952 591 1001 agere,
616 952 673 984 ac
680 938 877 999 fulmen
907 938 1157 1000 minasque
1182 946 1470 1000 contempse-

281 1005 395 1062 rint,
439 1004 574 1051 nobis
611 1004 676 1049 ad
703 1005 900 1066 famem
936 1004 1081 1065 plane
1126 1003 1331 1050 redierit
1373 1019 1468 1051 res.

285 1071 428 1127 Quod
457 1071 503 1118 si
529 1071 702 1133 procul
725 1070 977 1132 abfuerint
1011 1070 1100 1131 (ita
1125 1070 1376 1133 ingenium
1401 1078 1471 1116 est

282 1137 638 1196 Barbarorum)
675 1137 936 1198 impensius
966 1137 1333 1194 venerabuntur,
1362 1151 1471 1183 nos-

283 1218 373 1264 que
394 1204 552 1250 literis
575 1203 821 1249 commode
844 1203 1038 1264 scriptis
1069 1218 1136 1249 ex
1172 1203 1326 1249 animi
1363 1216 1471 1249 sen-

285 1270 434 1316 tentia
458 1285 561 1316 rem
585 1283 830 1333 geremus.

786 1866 962 1897 PETRUS
970 1886 980 1896 .

341 1942 456 1986 Non
482 1941 659 2002 optime
682 1939 922 1987 vobiscum
950 1939 1132 2001 agitur,
1161 1939 1204 1985 si
1228 1939 1336 1985 hinc
1353 1953 1470 2001 pen-

284 2007 364 2052 det
387 2007 625 2052 autoritas
654 2006 946 2068 Apostolica,
977 2014 1029 2051 ut
1059 2006 1160 2051 vita
1196 2006 1464 2068 ignoretur,

285 2073 558 2119 nesciantur
595 2073 791 2118 technae.
828 2073 937 2118 Nos
968 2072 1089 2118 nihil
1113 2072 1248 2117 aliud
1271 2072 1468 2132 optaba-

284 2154 405 2197 mus,
435 2140 529 2187 nisi
563 2148 615 2186 ut
648 2139 885 2186 universis
910 2147 1032 2185 esset
1054 2139 1301 2201 cognitum
1338 2138 1468 2198 quic-

285 2207 401 2268 quid
436 2207 510 2252 νεῖ
548 2206 595 2251 in
633 2206 862 2252 cubiculis
895 2219 1170 2269 ageremuS,
1220 2213 1364 2265 atque
1400 2205 1470 2249 ita

287 2272 479 2319 demum
508 2272 718 2333 plurimi
734 2272 991 2334 flebamus,
1019 2272 1065 2319 si
1093 2285 1206 2318 vere
1236 2271 1467 2316 innotuis-
